2886 4908
750 301 792 376 18

180 489 211 550 tii
233 487 334 550 salutis
357 483 529 556 adveniant,
561 483 679 544 siulatra
701 483 896 564 pronunciat,
910 481 1061 564 pessimus
1081 481 1113 542 iu
1136 478 1230 544 dubiis
1253 495 1372 556 augur,

179 593 284 664 timon
300 607 357 650 nco
368 605 462 661 mora,
478 604 581 649 muros
597 593 751 662 coronant,
766 586 990 670 propugnacula
1005 582 1228 646 conscendunt:
1254 581 1370 647 victori

179 701 280 756 tamen
304 712 341 756 an
365 689 547 754 deditionem
571 689 714 764 offerant,
736 708 774 756 an
797 708 929 771 pugnam
949 684 1190 770 praetemptant?
1226 684 1268 746 At
1289 702 1369 746 curn

179 799 303 880 propius
333 799 363 858 in
395 795 563 858 eminentiis
586 796 730 875 puppium
752 795 855 859 serilla
878 795 976 856 crucis
1000 798 1031 854 et
1051 790 1107 852 elia
1130 788 1290 851 christiane
1314 803 1368 850 re-

179 902 296 980 ligionis
317 901 442 980 insignia
458 899 670 979 conspicantur
677 907 690 970 ,‘
704 885 822 960 ¹clamor
836 899 943 978 ingens
955 895 1083 966 tollitur,
1106 891 1367 966 consalutantibus

177 1021 254 1068 voce
276 1004 421 1066 resultant
443 1021 574 1084 equora,
597 1003 689 1066 turbis
714 1005 935 1067 occurrentium
956 1002 1024 1066 litus
1046 997 1200 1082 impletur,
1230 1003 1261 1060 et
1282 997 1367 1059 inel-

168 1107 267 1170 rasile
290 1105 428 1188 gaudium
452 1113 577 1170 cunctos
601 1106 746 1169 accendit.
788 1105 870 1169 lnter
891 1107 964 1168 alios
986 1105 1131 1170 llervicus
1154 1101 1192 1164 de
1206 1101 1364 1164 barriaco

178 1208 233 1272 sed
255 1230 309 1292 pre
332 1211 396 1273 eliis
418 1211 497 1272 lama
520 1209 666 1272 laetorum
680 1211 814 1290 insignis,
838 1216 986 1272 maturum
999 1216 1079 1270 terre
1094 1205 1257 1288 presidium
1273 1223 1365 1268 com·

177 1314 293 1388 modat,
316 1317 420 1394 sicque
442 1316 473 1376 in
496 1314 576 1376 brevi
602 1331 692 1375 mano
707 1313 798 1374 multa
815 1319 845 1374 et
859 1311 954 1374 valida
970 1309 1159 1384 continente,
1182 1316 1364 1374 nostrorum

177 1419 320 1480 maritima
341 1417 426 1480 illesa
448 1423 590 1480 servabit.
634 1417 687 1478 Est
716 1424 847 1480 castrum
870 1415 952 1497 quod
975 1415 1123 1478 Crocbum
1155 1413 1272 1485 mount,
1307 1412 1363 1474 ubi

179 1523 279 1582 civitas
302 1521 374 1582 olim
395 1520 498 1582 Petras
519 1522 656 1592 nomine,
680 1539 760 1582 nuno
782 1538 854 1584 vero
870 1519 1063 1601 metropolis,
1087 1517 1142 1580 sed
1156 1518 1216 1584 loci
1231 1517 1362 1580 antistes

178 1643 290 1686 nomeu
313 1628 464 1704 antiquum
487 1626 610 1696 retinet,
642 1631 672 1686 et
702 1624 945 1704 archiepiscopus
967 1624 1152 1704 petracensis
1181 1621 1361 1703 appellatur.

178 1727 316 1790 Castrum
347 1728 422 1791 illud
446 1730 477 1790 iu
507 1728 573 1796 sinu
603 1728 689 1806 regni
718 1728 866 1806 penitiore
897 1727 1067 1788 consistens
1098 1745 1154 1808 per
1186 1723 1359 1788 admiralios

178 1830 302 1894 Soldani
323 1831 437 1896 dudum
459 1832 614 1894 tenebatur
629 1833 798 1894 obsessum.
827 1831 929 1894 Locus
944 1829 1075 1912 quidem,
1099 1830 1125 1890 si
1141 1828 1209 1914 sola
1221 1826 1358 1900 recedat,

177 1941 326 2017 expugnat
348 1954 408 2016 que
431 1941 492 1998 tuta
514 1935 625 2006 tames,
649 1937 684 1998 ab
707 1936 788 1996 omni
812 1953 938 1998 securus
959 1935 1092 1998 insultus
1109 1934 1162 1996 Est
1178 1939 1207 1994 et
1223 1939 1359 1994 casuum

100 2057 102 2064 ·
178 2037 260 2117 quod
291 2037 382 2100 lllous
420 2038 539 2118 Regalis
576 2037 700 2112 dicitur,
735 2038 816 2120 quod
854 2041 889 2102 ab
934 2040 1005 2104 urbe
1040 2039 1102 2117 jam
1143 2038 1220 2100 dicta
1252 2038 1358 2117 uiginti

177 2143 332 2222 leugarum
360 2142 517 2220 interjectu
541 2141 653 2205 distans
676 2143 799 2206 ulterius
822 2161 928 2207 versus
950 2143 1098 2224 Egyptom
1126 2139 1250 2206 secedit.
1285 2139 1356 2202 lluc

179 2248 267 2308 etiam
290 2245 458 2308 admiralios
480 2263 552 2308 snos
574 2263 591 2308 a
613 2247 759 2327 principio
782 2264 882 2310 rerum
904 2253 1045 2326 tyrannus
1067 2247 1286 2332 transmiserat,
1320 2249 1357 2306 ut

178 2349 289 2410 diutina
307 2348 463 2410 obsidione
485 2348 580 2411 tames
595 2350 739 2420 vinceret,
763 2368 841 2429 quos
855 2350 915 2412 loci
929 2351 1052 2412 munitio
1065 2348 1202 2411 servabat
1215 2349 1354 2412 invictos.

176 2451 289 2514 Verum
311 2469 368 2513 nec
392 2453 543 2529 eriguntur
566 2451 723 2522 machine,
745 2468 802 2513 nec
824 2458 983 2534 temptatur
1003 2453 1140 2515 insultus.
1183 2449 1355 2512 Ridiculum

178 2557 256 2618 enim
281 2562 364 2618 esset
385 2575 420 2618 os
443 2557 473 2617 in
496 2555 596 2618 celum
618 2573 749 2636 ponera,
773 2562 803 2617 et
823 2557 862 2618 ibi
871 2555 1064 2637 expugnandi
1078 2557 1189 2618 habere
1204 2553 1354 2626 fiduciam,

176 2661 227 2722 ubi
250 2679 307 2722 nec
328 2658 522 2740 impugnandi
545 2659 630 2722 datur
653 2677 805 2721 accessus.
851 2659 986 2742 Cumque
1016 2663 1047 2722 in
1071 2659 1147 2721 duos
1169 2676 1265 2721 annos
1286 2656 1353 2718 lere

175 2762 398 2844 protraheretur
421 2763 552 2836 obsidio,
584 2763 678 2826 nostri
708 2779 799 2843 egere
829 2771 993 2844 ceperunt,
1024 2763 1080 2828 sed
1109 2764 1202 2826 victor
1235 2761 1351 2824 animus

175 2866 309 2932 adversis
325 2867 558 2946 confrangitur,
574 2873 604 2929 et
623 2885 658 2928 ex
673 2868 732 2928 vite
747 2861 882 2946 periculo
896 2869 1010 2931 virtutis
1025 2867 1190 2948 periculum
1205 2865 1352 2931 enitescit.

176 2967 327 3050 Quicquid
357 2977 457 3032 autem
486 2971 570 3032 triste
596 2972 644 3036 vel
674 2970 781 3034 durum
810 2969 890 3053 apud
910 2972 1076 3052 Saguntum
1097 2971 1242 3044 Hiberos,
1271 2967 1351 3050 apud

174 3072 330 3136 Perusiam
351 3074 512 3154 pertulisse
535 3073 706 3148 Romanos,
738 3076 825 3138 testis
847 3081 945 3138 narrat
974 3077 1146 3156 antiquitas,
1178 3080 1350 3138 nostrorum

176 3179 341 3240 constantia
364 3178 508 3250 sustinet,
542 3196 599 3240 nec
631 3179 771 3242 abhorret
792 3187 910 3261 egestas
934 3180 1080 3255 edulium,
1112 3179 1202 3261 quod*
1224 3197 1296 3242 usus
1319 3185 1351 3240 et

174 3287 279 3344 natura
301 3279 532 3361 condempnant.
577 3283 654 3346 Suus
675 3277 799 3364 insuper
822 3283 998 3348 affectiones
1017 3286 1111 3366 pietas
1127 3284 1257 3356 abdicat,
1278 3300 1352 3346 suas

174 3402 257 3446 amor
279 3382 393 3460 abjurat
414 3383 554 3457 delicias,
577 3403 646 3448 uam
668 3393 752 3466 pater
773 3390 949 3468 progeniem
964 3387 1130 3469 parvulam,
1152 3387 1229 3450 lilius
1243 3401 1352 3466 pareu-

172 3493 219 3550 tes
242 3487 431 3569 decrepitos,
454 3495 577 3569 nuptam
600 3491 722 3553 mantus
744 3493 919 3570 proscribit,
949 3499 979 3554 et
1001 3489 1090 3570 ejecti
1112 3509 1182 3554 cum
1210 3490 1350 3570 lacrymis

175 3591 310 3654 hostibus
333 3597 522 3672 exponuntur
544 3592 681 3665 invalidi,
712 3599 745 3656 ut
767 3593 915 3658 alimentis
944 3595 1070 3658 residuis
1092 3594 1201 3656 diutius
1224 3594 1351 3656 militent

172 3697 338 3777 pugnaturi.
381 3694 516 3758 Tandem
538 3696 616 3758 lame
640 3696 768 3760 conlecti
805 3704 835 3759 et
868 3701 1060 3763 semianimes
1091 3695 1217 3762 honeste
1249 3702 1350 3760 tamen

173 3797 329 3860 deditionis
351 3776 473 3880 pacta'rur
494 3801 616 3872 ineunt,
645 3819 715 3863 uam
748 3809 779 3863 et
801 3802 855 3864 sibi
877 3801 1150 3866 recessuslibercs
1172 3806 1203 3861 et
1225 3797 1347 3862 domino
1391 3795 1393 3800 ’

173 3918 238 3976 suo,
261 3901 383 3966 Eulrido
399 3903 513 3966 scilicet
535 3901 573 3964 de
595 3902 726 3976 Torone,
743 3906 794 3984 qui
808 3905 1122 3985 tenebaturoaplivus,
1144 3902 1348 3966 liberationem

171 4004 339 4086 adquirunt.
382 4006 448 4068 Pari
474 4004 538 4068 isto
570 4007 709 4086 magister
736 4007 844 4070 milicie
867 4008 969 4090 templi
986 4006 1136 4070 Gerardus
1152 4003 1189 4068 de
1204 4003 1347 4068 liidelior·

171 4107 218 4172 dia
240 4109 435 4190 quarumdam
449 4109 647 4172 munitionum
671 4109 821 4174 deditione
845 4112 1011 4175 absolvitur.
1042 4109 1105 4174 Sed
1121 4113 1249 4190 etpater
1270 4107 1347 4172 llar-

170 4213 245 4274 chisi
268 4212 397 4293 quodam
426 4211 580 4294 gentilium
608 4218 790 4296 captivorum
812 4217 989 4278 concambio
1011 4215 1085 4278 liber
1107 4211 1249 4279 abscedit
1291 4213 1345 4276 Sa·

169 4309 324 4382 tabadinus
346 4318 446 4399 itaque
464 4314 528 4396 jam
550 4324 615 4382 toto
636 4318 700 4384 iera
723 4337 824 4401 regno
849 4320 979 4402 potitus,
1009 4337 1080 4386 cunr
1102 4323 1211 4406 cuncta
1231 4315 1287 4384 sibi
1307 4314 1346 4380 ad
