2886 4908
655 309 697 386 li

68 489 156 570 gina
179 487 331 572 procedit,
355 491 519 556 miscentur
541 493 659 566 oscula,
690 497 851 559 nectuntur
873 495 1045 576 amplexus,
1078 514 1148 560 suas
1168 493 1266 558 leticia

67 594 227 658 lacrimas
249 595 343 669 elicit,
366 602 396 658 et
419 611 525 668 casus,
555 613 633 675 quos
655 594 796 658 incidisse
819 594 937 671 dolent,
968 599 1099 663 erasisse
1128 600 1264 660 letantur.

70 697 152 760 Rex
175 697 326 778 siquidem
348 715 404 779 per
426 717 537 764 aunum
559 705 754 780 sequentem,
775 717 857 761 nunc
878 700 1055 773 Antiochie,
1084 720 1164 764 nunc
1186 699 1266 780 apud

68 797 234 882 Tripolim
255 808 473 874 commoratur,
504 808 535 863 et
555 803 769 865 transmarinos
800 802 985 866 christicolas
1007 807 1038 866 in
1060 811 1140 868 terre
1162 811 1266 866 sancte

70 905 318 967 subventionem
339 913 482 969 venturos
505 913 650 988 expectat.
696 906 776 969 Sanc
797 907 859 989 hoc
875 908 952 970 iuter
973 915 1074 972 cetera
1097 908 1267 973 nullatenus

72 1005 239 1070 silendum
258 1025 430 1082 censemus,
453 1009 534 1098 quod
550 1029 602 1073 rer
617 1007 781 1091 Anglcrum
803 1010 951 1074 Hernicus
972 1012 1131 1091 pecuniam
1146 1010 1269 1072 multam

73 1111 169 1192 apud
191 1109 378 1192 Templarios
394 1120 424 1176 et
437 1113 652 1195 hospitalarios
673 1123 887 1196 congesserat,
910 1135 968 1196 qua
991 1123 1021 1178 at
1034 1116 1130 1196 Tyrus
1146 1115 1269 1179 detensa

75 1220 117 1276 et
150 1222 252 1278 cetera
279 1219 398 1296 negotia
427 1220 510 1297 regni
540 1220 649 1283 utiliter
679 1219 825 1299 expedita.
868 1219 953 1282 lianc
982 1227 1081 1282 autem
1110 1219 1269 1301 pecuniam

75 1335 142 1380 rex
172 1320 346 1398 magnificus
368 1323 417 1401 pia
441 1330 472 1383 et
493 1325 663 1385 necessaria
686 1325 856 1403 provisione
879 1325 908 1384 in
932 1330 1012 1385 terre
1034 1322 1197 1384 subsidium
1213 1339 1269 1402 per

75 1422 201 1486 multos
225 1440 372 1486 annorum
394 1425 524 1489 circulos
545 1426 756 1490 ierosolimam
785 1428 1007 1498 transmiserat,
1032 1425 1119 1504 cujus
1142 1442 1268 1497 surena,

77 1533 122 1589 ut
159 1525 281 1598 dicitur,
317 1529 349 1589 in
384 1530 501 1608 triginta
531 1531 611 1592 milia
647 1531 832 1593 marcharum
871 1530 1011 1596 exerevit.
1073 1529 1267 1592 Salahadinus

79 1632 179 1711 igitur
207 1631 287 1712 Tyro
322 1631 502 1706 discedens,
535 1651 605 1696 curn
636 1639 732 1697 eastra
765 1633 913 1696 Palestine
948 1650 1038 1712 quam
1069 1633 1195 1713 plurima
1218 1649 1268 1693 co-

82 1745 250 1818 cupasset,
279 1739 310 1798 in
338 1744 440 1818 partes
462 1736 621 1800 Antiochia
650 1738 777 1800 festinus
801 1736 933 1808 secedit,
961 1745 992 1799 et
1023 1738 1137 1817 impetu
1167 1738 1268 1817 potius
1352 1757 1357 1767 ·

80 1859 182 1922 quarn
203 1841 359 1906 obsidione
383 1842 553 1917 flabellum,
583 1844 752 1930 Laodiciam
785 1851 815 1906 et
843 1840 987 1925 quasdam
1021 1842 1092 1904 alias
1113 1840 1269 1921 provincie

81 1948 272 2012 munitiones
294 1955 451 2029 expugnat.
494 1947 603 2011 Terror
635 1948 757 2029 quidem
786 1947 893 2009 Christi
924 1945 990 2006 urhi
1013 1962 1074 2005 non
1097 1961 1204 2024 parvus
1225 1943 1270 2003 in-

82 2051 229 2124 cuttitur,
253 2050 308 2114 sed
329 2051 438 2114 civium
460 2051 611 2113 communi
635 2049 760 2111 consilio
781 2047 947 2129 patriarcha
969 2055 1000 2110 et
1022 2048 1164 2129 princeps
1187 2043 1269 2106 dedi-

80 2153 205 2216 tionem
223 2160 351 2234 tyranno
373 2155 565 2236 promittunt‚
596 2155 622 2216 si
643 2155 738 2215 cicius
760 2152 834 2216 inira
854 2151 954 2214 datum
976 2153 1137 2214 terminum
1160 2150 1269 2230 sperati

83 2275 153 2318 rrcu
168 2259 305 2322 verrerint
324 2258 484 2322 adiutores.
515 2257 618 2320 Meror
641 2257 762 2336 quidem
784 2255 1006 2318 inconsolabilis
1027 2255 1186 2318 universos
1207 2258 1269 2313 tur·

82 2362 193 2424 basset
214 2362 415 2436 christicolas,
446 2364 472 2426 si
501 2364 572 2424 urbs
593 2368 652 2424 tarn
674 2361 775 2422 inolita
798 2377 875 2440 quae
898 2358 1047 2421 christiani
1070 2356 1201 2417 nominis
1222 2356 1269 2415 in·

82 2465 232 2528 ventione
253 2465 377 2539 letatur,
401 2484 519 2528 rursum
541 2465 697 2545 gentilibus
721 2465 863 2526 cessisset
883 2459 1061 2532 immundis,
1085 2477 1162 2539 quos
1178 2459 1268 2537 longo
1304 2447 1306 2454 ’

85 2575 122 2632 et
145 2567 210 2631 diro
231 2569 377 2633 bellorum
402 2570 574 2632 discrimine
604 2569 698 2630 nostri
730 2567 840 2630 dudum
865 2567 1007 2647 expulere
1030 2565 1168 2625 victores.
1214 2561 1269 2622 Ge·

85 2679 188 2736 terum
210 2692 287 2737 nova
310 2674 494 2736 detensionis
517 2673 621 2757 aurilia
643 2670 723 2734 unde
752 2671 890 2744 venient,
921 2667 1041 2750 quando
1063 2667 1198 2741 venient,
1221 2664 1270 2727 rel

87 2778 245 2859 quomodo
279 2763 421 2843 renieht?
454 2776 546 2839 Terra
576 2779 742 2855 conputet
766 2790 925 2845 accessus,
954 2790 1035 2836 mare
1067 2771 1106 2832 oh
1134 2767 1269 2832 hostibus

85 2889 212 2946 tenetur
233 2884 401 2954 obsessum,
425 2881 658 2944 Christianorum
674 2898 691 2941 a
705 2876 854 2942 veniendo
876 2880 1054 2956 temperant,
1076 2872 1147 2935 dum
1169 2869 1270 2950 galeas

87 2989 255 3069 gentilium,
278 3007 338 3068 que
360 2986 468 3050 sedent
487 2987 517 3047 in
532 2984 655 3057 insidiis,
678 2982 819 3047 incidisse
834 2977 1002 3044 formidant.
1045 2975 1156 3039 Verum
1171 2974 1269 3054 perire

86 3112 154 3156 non
175 3098 293 3173 potest,
317 3089 398 3172 quod
425 3091 572 3152 Dominus
595 3089 707 3152 salvare
731 3085 876 3166 dispone
911 3101 985 3148 ecce
1018 3081 1109 3170 optati
1137 3079 1269 3150 veniunt,

88 3198 237 3279 expectati
251 3194 406 3258 accedunt.
435 3195 510 3256 Nam
525 3194 663 3273 egregius
686 3210 738 3254 rer
754 3189 947 3270 Sic[u]lorum
969 3185 1140 3272 Willelmus
1151 3184 1267 3266 primos

86 3309 169 3366 terre
192 3301 383 3366 subsidiarios
406 3299 550 3370 destinat,
581 3298 632 3379 qui
655 3296 779 3357 comites
810 3293 904 3365 duos,
936 3290 1045 3353 milites
1075 3289 1267 3370 quingentos,

88 3408 190 3488 galeas
213 3407 424 3488 quinquaginta
452 3402 631 3466 transmittit.
676 3400 748 3478 lijus
777 3415 848 3478 ergo
877 3395 1055 3458 beneficium
1083 3409 1171 3461 esse,
1199 3390 1267 3470 quis

89 3511 216 3588 dubitat,
239 3508 323 3594 quod
336 3507 637 3577 Antiochia'retenta,
660 3502 742 3584 quod
763 3500 893 3582 Tripolis
908 3499 1050 3570 detensa,
1074 3493 1156 3576 quod
1169 3492 1266 3573 Tyrus

89 3624 226 3689 servata,
256 3616 308 3695 qui
336 3615 441 3677 harum
467 3611 584 3674 urbium
612 3608 727 3671 incolas
750 3605 867 3669 alama
890 3602 1041 3684 etgladio
1071 3599 1180 3664 viribus
1202 3597 1266 3658 suis

89 3738 213 3785 securos
236 3725 403 3784 conservat.
447 3714 625 3795 Margaritus
655 3711 745 3774 classi
778 3711 859 3789 regie
896 3705 1028 3788 regende
1057 3707 1193 3784 preerat,
1223 3700 1268 3760 vir

89 3826 250 3891 admodum
281 3832 438 3896 strenuus,
476 3822 526 3903 qul
555 3837 626 3880 cum
658 3817 749 3897 galeis
777 3829 976 3894 percurrens,
1006 3823 1096 3870 ausus
1125 3803 1266 3884 piraticos

88 3936 239 4017 reprimit,
272 3939 302 3994 et
328 3931 523 4011 pertemptata
552 3920 692 3985 veniendi
719 3917 826 3980 fiducia
857 3917 1020 3996 sequentes
1053 3908 1164 3972 innuo
1206 3905 1266 3968 llic

88 4039 199 4102 insulas
225 4033 331 4118 procul
363 4031 476 4114 positas
504 4043 645 4110 premens
673 4023 818 4103 imperio,
857 4026 887 4082 et
914 4023 960 4080 tot
993 4031 1081 4077 casus
1113 4025 1270 4090 equoreas

88 4144 148 4208 lato
169 4143 249 4204 lelici
271 4143 432 4221 expertus,
463 4131 595 4196 uictoriis
623 4127 724 4190 multis
753 4124 894 4196 obtinuit,
928 4125 961 4182 ut
982 4135 1035 4182 rex
1056 4115 1162 4186 maris,
1195 4119 1265 4174 eta

89 4248 239 4312 nonnullis
260 4245 335 4306 alter
356 4241 507 4304 diceretur
537 4237 706 4317 Neptunus.
748 4231 814 4294 lam
845 4227 975 4309 Tripolis
1002 4222 1205 4304 nauigantibus
1232 4220 1265 4280 in

89 4356 283 4436 prospectum
305 4347 455 4419 aarum,
477 4346 559 4409 circs
581 4341 699 4406 eminus
720 4324 1009 4415 velo-conspiciunt,
1043 4335 1074 4390 et
1095 4344 1167 4390 curn
1187 4339 1269 4386 nun.

138 4465 336 4516 ammorreo.
1030 4429 1053 4496 2
