2886 4908
655 349 695 418 13

59 527 207 604 Ancon,
230 529 294 592 sole
315 531 347 590 in
371 546 511 591 occasum
534 525 716 606 vlelrgente‚
740 523 813 586 velis
836 522 964 584 dimissis
994 521 1135 584 subsistit.
1176 519 1263 582 Urbis
1333 545 1336 556 r

61 635 165 694 enirn
189 633 306 697 silentia
329 633 534 712 suspicionem
549 629 709 701 inducunt,
733 646 802 690 eum
825 626 896 687 alias
913 642 1033 705 semper
1052 623 1113 701 jam
1135 624 1264 686 adventu

62 737 205 799 nemum
234 735 270 796 ad
300 736 438 816 plausum
469 735 564 796 soleat
586 732 737 794 concitari.
782 729 894 794 Vexilla
917 729 1041 791 Soldani
1072 747 1127 810 per
1158 727 1287 789 urberb.

64 847 250 921 conspecta
265 840 410 917 majorem
425 836 549 900 timendi
565 853 685 898 oausam
700 836 856 905 incutiunt,
874 850 918 906 ac,
930 835 1038 895 ceteris
1054 833 1262 908 diffidentibus,

65 961 155 1006 curn
185 943 247 1023 Jam
269 945 367 1025 galeas
398 942 551 1024 gemilium
582 939 740 1003 adventare
770 945 946 1011 cernerent,
968 937 1135 1000 llarcbisus
1158 957 1265 1002 omnes

66 1050 177 1112 silere
199 1053 343 1131 imperat,
366 1057 395 1111 et
420 1067 453 1110 se
478 1049 610 1109 omniurn
627 1043 854 1127 prolocutorem
877 1040 1011 1123 opponrt.
1055 1039 1156 1104 Missis
1178 1061 1262 1104 narn·

68 1171 157 1232 que,
181 1155 300 1234 quinam
316 1161 427 1224 essent,
448 1153 665 1222 scicitantibus,
690 1167 797 1213 narem
812 1148 987 1210 institoriam
1002 1163 1071 1209 esse
1087 1150 1210 1219 asserit,
1233 1155 1265 1211 et

68 1275 134 1329 se,
161 1256 316 1319 dominum
339 1260 437 1331 navis,
466 1237 508 1318 rei
532 1263 616 1336 geste
639 1273 699 1316 non
723 1255 867 1323 inscium,
899 1270 934 1312 ac
958 1252 1089 1313 Soldano
1113 1251 1262 1326 devotum,
1336 1279 1338 1286 ·

70 1359 130 1422 die
157 1363 282 1423 crastina
305 1361 498 1424 illucescente
531 1359 569 1422 ad
591 1361 695 1422 urbem
718 1364 877 1421 venturum
907 1373 976 1416 curn
1009 1355 1159 1417 mercibus
1192 1370 1263 1417 cen-

71 1471 201 1526 stanter
228 1468 378 1545 promittit.
431 1465 535 1548 Nocte·
560 1465 643 1545 ipsa,
676 1469 765 1523 vento
795 1461 930 1532 favente,
962 1459 1072 1540 Tyrum
1105 1458 1263 1533 secedens,

72 1569 182 1648 ipsam
205 1567 384 1631 defensurus
412 1570 555 1648 suscipit,
588 1566 674 1644 cujus
697 1565 841 1626 adventus
875 1570 906 1624 et
927 1563 1058 1624 venturis
1088 1562 1263 1625 christicolis

71 1673 235 1750 prooessit
266 1671 303 1732 ad
332 1671 541 1744 commodum,
570 1678 600 1732 et
622 1671 677 1749 ipsi
701 1667 867 1746 cessislslet
895 1664 932 1726 ad
955 1665 1092 1746 gloriam,
1122 1668 1147 1727 si
1169 1666 1263 1745 qualis

74 1782 217 1856 ceperat,
234 1778 420 1855 perstitisset.
443 1776 610 1839 lllarcbisus
621 1776 688 1846 iste,
704 1771 858 1834 Conradus
875 1770 1005 1840 nomine,
1025 1771 1146 1831 natione
1161 1767 1262 1841 Italus,

74 1879 127 1940 vir
150 1877 270 1958 quidem
294 1880 449 1959 singularis
471 1877 616 1940 industrie
641 1883 672 1938 et
694 1875 730 1937 ad
754 1875 856 1954 queris
878 1871 1075 1954 aggredienda
1107 1879 1262 1945 strenuum

78 1979 141 2042 sed
178 1981 391 2060 quantumlibet
426 1985 542 2062 insigne
579 1981 781 2061 principium,
819 1977 844 2038 si
880 1978 958 2056 turpi
990 1975 1142 2040 claudatur
1176 1979 1262 2049 exitu,

75 2085 264 2165 vituperium
293 2087 399 2166 pocius
428 2105 518 2166 quarn
548 2085 666 2146 laudem
693 2087 835 2144 meretur.
877 2079 1030 2141 Soldanus
1059 2088 1128 2160 post
1156 2067 1281 2142 Accon‘

78 2185 250 2261 redditam,
273 2189 407 2252 beritum
431 2197 461 2251 et
476 2188 630 2268 Sydonern
653 2203 821 2266 occupans,
845 2203 914 2247 oum
929 2183 1041 2264 Tyrum
1060 2175 1168 2248 ¹eadem
1191 2185 1262 2249 laci-

77 2291 165 2352 litate
188 2291 347 2355 vendicare
370 2298 521 2374 speraret,
552 2291 677 2370 turpiter
698 2288 838 2368 repulsus
860 2288 1014 2350 abscessit.
1056 2289 1168 2352 Exinde
1189 2309 1262 2371 rege

82 2411 191 2455 secum
222 2395 367 2475 perducto
400 2396 582 2459 Ascalonem
610 2393 762 2474 pervenit,
795 2399 825 2453 et
856 2394 964 2453 erectis
992 2395 1127 2474 petrariis
1158 2396 1262 2458 urbem

82 2497 253 2577 impugnat,
284 2517 373 2580 quarn
403 2508 491 2582 captu
520 2499 639 2562 facilem
667 2515 752 2559 rarus
784 2503 814 2557 et
841 2497 963 2557 inermis
992 2494 1133 2560 defensor
1163 2498 1262 2573 elficit,

82 2599 158 2661 licet
186 2601 245 2663 loci
275 2606 398 2666 munitio
428 2603 582 2684 multiplex
614 2601 778 2665 invincibile
807 2601 898 2662 robur
931 2601 1095 2682 protendat.
1150 2602 1262 2666 Urbem

83 2704 142 2766 sibi
165 2703 249 2766 reddi
271 2708 448 2770 insaciabilis
463 2706 559 2788 predo
576 2707 651 2769 rotis
667 2706 804 2766 omnibus
819 2705 923 2776 instat,
946 2722 1069 2784 prorsus
1093 2707 1127 2767 ab
1151 2725 1260 2788 expug-

82 2808 205 2869 natione
228 2808 382 2882 dilbdens,
406 2829 507 2874 rerum
531 2810 652 2890 quidem
674 2810 796 2880 inscius,
822 2815 852 2869 et
874 2814 983 2870 statum
1005 2810 1086 2870 urbis
1108 2812 1146 2871 in·
1162 2814 1261 2884 arrrris,
1307 2845 1310 2849 ·

82 2911 171 2984 viris,
195 2913 367 2975 victualibus
388 2916 510 2996 inopem
535 2933 570 2977 ac
584 2915 733 2986 infirmum
748 2915 898 2993 ignorans.
942 2912 1139 2976 Paciscitur²
1162 2922 1261 2978 autern

83 3019 117 3076 et
146 3016 226 3078 cives
255 3033 325 3078 curn
351 3019 440 3080 rebus
469 3020 531 3081 suis
559 3019 652 3081 libere
682 3017 870 3081 discessuros
898 3025 931 3080 et
962 3038 1065 3100 regem
1096 3039 1166 3082 curn
1197 3023 1261 3085 aliis

84 3119 256 3200 quindecim
279 3121 469 3185 electioribus
492 3125 614 3204 captivis
630 3137 719 3202 quam
739 3123 831 3184 cicius
854 3122 1075 3186 absolvendum.
1119 3126 1174 3187 Die
1196 3129 1262 3207 ipsa

83 3239 144 3302 qua
165 3219 268 3304 pactio
286 3228 450 3307 prescripta
472 3228 504 3288 ln
520 3226 600 3289 urbis
623 3225 809 3288 traditionem
826 3229 988 3308 processit,
1011 3230 1058 3290 sol
1080 3231 1165 3310 quasi
1180 3249 1262 3292 corn·

82 3327 201 3405 patiens
230 3327 407 3391 beneficium
431 3329 550 3392 luminis
574 3329 693 3392 delectu
718 3331 855 3410 ecliptico
879 3331 941 3391 urbi
972 3337 1002 3391 et
1024 3334 1086 3394 orbi
1109 3334 1259 3396 subtraxit.

82 3427 178 3490 Porro
191 3436 333 3510 tyrannus
349 3431 488 3513 perjurus
500 3440 530 3494 et
540 3433 670 3513 perfidus
686 3440 825 3495 tenorem
834 3434 912 3513 pacti
930 3442 1064 3515 exparte
1083 3436 1262 3518 transgredi-

83 3541 143 3598 tur.
165 3533 229 3597 lter
243 3539 321 3599 enirn
337 3550 396 3602 (ror
408 3555 427 3597 a.
435 3549 471 3603 va
484 3539 661 3600 Damascum
670 3539 862 3600 transmissus
873 3536 982 3598 ibidem
998 3555 1093 3618 usque
1105 3538 1261 3604 adMaium

83 3647 262 3719 sequentem
294 3647 413 3703 tenetur
434 3643 464 3703 in
488 3641 632 3713 vinculis,
661 3661 718 3704 neo
741 3642 824 3704 aliter
851 3649 951 3722 potest
977 3644 1110 3724 captivus
1140 3644 1261 3717 absolvi,

83 3742 142 3803 nisi
170 3751 264 3822 regn'o
295 3745 430 3824 primitus
451 3743 599 3822 abjurato.
654 3745 731 3808 Fatis
759 3746 859 3824 itaque
888 3761 1048 3806 succesum
1078 3749 1260 3825 urgentibus,

82 3843 289 3909 ierosolimam
318 3849 413 3910 victor
434 3853 495 3910 tam
525 3848 652 3910 festinus
675 3866 765 3927 quarn
784 3849 917 3910 'infestus
940 3847 1124 3929 aggreditur,
1155 3853 1261 3916 urbem

84 3945 215 4022 obsidet,
243 3951 396 4013 machinas
419 3951 542 4022 extruit,
565 3951 631 4014 loca
654 3970 737 4014 sacra
753 3952 914 4032 sacrilegiis
928 3954 1126 4014 irreverenter
1141 3954 1259 4017 invadit

82 4051 152 4114 Erat
167 4069 238 4114 crux
254 4053 381 4133 quedam
395 4053 521 4134 lapidea,
538 4073 627 4135 quam
643 4055 712 4116 olim
728 4056 835 4117 milites
851 4058 955 4129 nostri,
971 4074 1040 4119 cum
1053 4057 1129 4118 beno
1144 4059 1261 4134 urbem,
1348 4103 1350 4110 -

83 4162 244 4236 postquam
253 4141 439 4221 Antiochiam
448 4159 607 4223 victoriose
617 4160 779 4240 cepissent,
794 4161 824 4222 in
835 4161 951 4225 titulum
960 4162 1029 4226 iacti
1040 4181 1132 4244 super
1142 4182 1261 4229 murum

144 4369 153 4404 ¹
171 4371 233 4428 (iod,
251 4373 428 4428 Pascitur.
