2886 4908
666 301 687 369 9

61 482 211 545 moninio
233 480 418 551 lucrabatur,
441 481 472 540 in
487 496 559 540 usus
574 471 750 540 histrionum
766 475 909 557 prodigus
925 475 1109 539 romndebat.
1152 473 1264 552 Sisque

65 587 251 666 largitionis
279 586 400 645 obtentu
431 580 566 644 venalem
598 583 676 661 vulgi
704 582 824 660 gratiam
853 583 928 643 totis
955 580 1110 644 desideriis
1143 588 1264 658 eornpa*

66 693 168 754 rarii.
217 689 271 751 llic
294 687 447 766 cujusdam
469 687 584 764 Suriaci
609 688 743 748 vaticinio
767 689 797 746 in
821 701 907 767 spem
929 686 1012 764 regni
1036 683 1199 752 adductus,
1228 680 1265 745 ab

68 795 132 856 illo
159 795 295 855 loturum
319 791 464 862 audierat,
495 798 527 851 nt
548 790 686 852 Damasci
718 798 748 852 et
770 790 929 870 Babylonis
962 791 1090 878 dicione
1110 788 1263 868 potiretur.

71 901 133 961 Sic
162 917 236 979 ergo
269 899 462 960 ascensiones
490 898 520 956 in
544 896 636 957 corde
660 915 714 958 sno
744 895 904 977 disposuit,
936 893 1045 970 etjam
1069 894 1146 970 cepit
1170 905 1263 969 regno

72 1007 204 1066 maiora
227 1019 365 1084 sperare,
383 1001 475 1078 cujus
499 1001 623 1062 ambitus
647 996 776 1079 anguste
786 1001 986 1080 possessionis
1007 999 1116 1058 limites
1138 1012 1200 1056 non
1216 1009 1265 1054 ex»

74 1107 225 1169 cedebat.
255 1105 401 1166 Processu
418 1104 561 1182 temporis
577 1121 646 1164 oum
658 1103 720 1181 Jarn
735 1111 798 1166 etas
814 1105 963 1165 robustior
978 1100 1106 1162 officium
1121 1115 1208 1167 (nor-s.
1221 1111 1263 1176 et)

73 1213 215 1274 militare
232 1209 420 1288 deposceret,
436 1205 473 1267 ad
481 1203 632 1267 Eniridum
647 1206 683 1268 dc
690 1206 825 1280 Turone,
839 1204 849 1242 ¹
871 1208 1014 1268 illustrem
1024 1206 1169 1268 Palestine
1186 1208 1264 1286 prin-

76 1317 206 1394 oipem,
229 1310 412 1392 palnd'andus
436 1311 578 1381 accessit,
602 1318 632 1371 et
647 1309 826 1374 Francorum
849 1313 906 1372 ritu
929 1295 1042 1392 milicie¹
1058 1311 1208 1388 cingulum
1230 1309 1266 1370 ab

76 1421 152 1498 ipso
188 1419 329 1497 suscepit.
374 1416 416 1476 lio
448 1420 585 1495 tempore
614 1416 732 1493 gentilis
765 1414 885 1494 qnidam
914 1409 1101 1478 Servarins2
1134 1413 1265 1484 nomine,

79 1523 141 1584 sub
167 1521 299 1600 Culepbo
323 1519 360 1580 de
383 1516 512 1580 Baldooh
536 1518 728 1598 Egyptlorum
750 1519 868 1580 tenebat
890 1521 1064 1598 imperinm,
1094 1535 1185 1597 quem
1206 1518 1265 1580 rio*

79 1627 220 1688 toriosns
256 1623 504 1686 ierosolimorum
543 1639 594 1682 rex
633 1622 798 1682 Almaricus
825 1618 840 1656 ³
877 1621 912 1683 nd
947 1622 1087 1684 tributum
1125 1625 1266 1700 coegerat

82 1730 241 1791 annuatim
273 1725 457 1789 solvendum.
504 1722 673 1787 notanus*
703 1725 851 1805 siquidem
874 1735 920 1790 ter
942 1731 971 1789 in
993 1733 1209 1788 annotantem
1231 1742 1265 1787 ss

82 1833 253 1910 visibilem,
277 1837 308 1892 et
329 1827 511 1892 adorandum
536 1829 670 1890 exibebat
691 1829 836 1909 Egyptiis,
869 1833 919 1910 qni
942 1830 1021 1910 apud
1044 1829 1177 1890 subditos
1201 1847 1265 1890 cre·

86 1936 214 1996 debatur
235 1941 334 1996 tantus
358 1941 389 1996 nt
412 1932 477 2010 ejus
500 1935 626 2012 imperio
635 1933 727 1995 Nilos
746 1931 867 1995 eiiluere
884 1934 1043 1996 diceretur.
1087 1933 1180 2002 Porro
1195 1951 1265 2012 gen·

85 2040 177 2101 tilieie
200 2039 351 2118 religionis
367 2039 683 2100 statuta-observanter
705 2024 973 2118 adimplensdies
996 2041 1064 2100 anni
1087 2037 1266 2099 concubinas

86 2161 155 2204 rum
189 2161 314 2204 numero
348 2142 519 2222 coequabat.
570 2142 682 2222 Sicque
712 2144 789 2203 inter
820 2143 1010 2205 mulierculas
1040 2157 1264 2202 consenescens
1341 2135 1343 2140 ’

87 2247 241 2308 tractanda
255 2250 338 2326 regni
353 2248 478 2326 negocia
492 2247 653 2310 Serranino
668 2249 877 2308 committebat.
907 2245 1179 2318 HosSalabadinus,
1196 2263 1265 2306 curn

88 2357 194 2430 patruo
218 2370 273 2413 suo
289 2352 458 2413 Sarracuno
480 2358 552 2412 tunc
575 2353 719 2431 temporis
743 2350 822 2430 apud
837 2351 975 2432 Egyptios
999 2348 1143 2420 militans,
1165 2347 1265 2428 prodis

90 2456 172 2515 ciose
203 2456 329 2534 peremit
351 2459 507 2528 incautos,¹
536 2465 566 2518 et
589 2457 631 2516 sic
651 2455 874 2534 rocinsittgypn
903 2457 1027 2516 obtinuit
1058 2454 1263 2534 principatum.

89 2558 284 2620 Postmodum
306 2577 395 2630 vero,
419 2578 479 2621 non
503 2547 596 2622 multo
620 2561 762 2638 temporis
785 2557 975 2620 interfluente
998 2562 1110 2628 tractu,
1134 2549 1264 2618 Nobatae

91 2657 208 2721 dinus⁵
235 2660 312 2722 diem
334 2663 437 2724 clausit
461 2671 635 2724 extremum.
673 2662 772 2740 'Cujus
795 2681 919 2723 uxorem
942 2659 1137 2724 Solohadinus
1165 2660 1265 2720 matri·

91 2767 191 2825 monio
222 2765 274 2825 sibi
305 2765 467 2845 copulans,
499 2786 568 2828 eum
597 2769 659 2847 ipsa
692 2769 775 2846 regni
805 2767 937 2844 regimen
968 2766 1073 2843 iugatis
1103 2747 1263 2825 heredibus

93 2868 252 2948 occupavit.
297 2869 361 2931 Hec
385 2869 503 2950 iortune
526 2871 654 2934 ludentis
678 2873 829 2952 potentia,
853 2871 906 2931 has
922 2889 1023 2931 rerum
1045 2867 1263 2932 vicissitudines

93 2969 195 3044 voluit,
228 2991 285 3051 qne
310 2972 347 3035 de
380 2993 511 3056 paupere
543 2969 679 3048 divitem,
711 2977 748 3038 de
781 2975 881 3035 humili
905 2975 1080 3045 sublimem,
1113 2971 1260 3033 deservo

95 3075 210 3136 suscitat
234 3074 463 3142 dominantem.v
491 3078 626 3154 Quod-si
650 3089 749 3141 rer'um
772 3082 873 3158 precia
892 3077 1006 3154 judicio
1038 3097 1099 3140 non
1123 3078 1263 3156 opinione

95 3183 251 3253 metimus,
266 3184 445 3260 qrrantalibet
468 3185 755 3246 terrene-ielicitatis
772 3186 910 3263 potencia
932 3183 994 3244 vilis
1019 3180 1183 3242 estimanda
1207 3186 1262 3253 est,

97 3297 179 3364 quarn
205 3288 328 3364 pessimi
358 3295 389 3348 et
419 3287 527 3366 indigni
562 3289 663 3368 sepius
693 3283 946 3349 nomismatum-⁷
989 3285 1072 3347 Leno
1104 3283 1153 3345 ille
1176 3283 1262 3362 c'ujus

97 3405 213 3466 regnum
236 3391 266 3450 in
289 3391 475 3469 prostibulis,
499 3393 599 3453 militia
622 3394 651 3452 in
667 3392 813 3462 tabernis,
838 3390 968 3451 studium
983 3392 1013 3450 in
1030 3389 1101 3450 aleis
1124 3394 1155 3449 et
1177 3387 1261 3460 alliis,

98 3491 185 3551 subito
208 3493 400 3567 sublimatur,
424 3493 509 3556 sedet
532 3495 822 3575 comprincipibus,
845 3496 936 3554 immo
964 3495 1057 3554 maior
1079 3491 1262 3572 principibus

99 3603 140 3666 et,
172 3592 276 3656 solium
307 3597 400 3676 glorie
432 3605 555 3668 tenens,
590 3598 719 3678 Egyptiis
748 3599 887 3676 imperat,
921 3597 1123 3658 Damascenos
1154 3591 1262 3666 subdit,

164 3801 171 3834 ¹
188 3801 226 3852 Ab
245 3801 350 3866 lingens
370 3802 522 3868 'l'yberiedis
542 3805 654 3870 principe
668 3805 817 3856 Salsdiaura
835 3805 935 3857 baltheo
953 3805 1054 3856 militari
1076 3806 1184 3859 cinctum
1202 3821 1261 3860 essa

100 3888 194 3952 leglnus
212 3889 237 3940 in
252 3891 330 3942 ederi
343 3892 452 3942 carmine
464 3891 569 3956 gallico:
587 3892 622 3942 L’
634 3893 763 3964 llrd'ens
783 3893 820 3944 de
839 3893 1041 3946 chevalerie.
1102 3881 1105 3888 ’

161 3976 296 4038 Ηιιΐονίυε
316 3977 487 4036 Senerino
511 3979 613 4044 legitur.
639 3979 749 4038 Idlfeis
762 3983 873 4042 ¹vocatur
891 3979 915 4030 io
933 3979 998 4031 libro
1016 3980 1081 4032 dioto
1099 3980 1208 4032 [ΒΑΜ
1224 3980 1263 4046 de⁴

103 4063 236 4113 veriiier
254 4062 303 4114 les
322 4064 428 4114 detes
447 4066 482 4131 V,
501 4067 542 4116 ott
1217 4109 1220 4114 .

162 4147 330 4200 inmaturus
342 4151 365 4214 1,
385 4153 567 4203 1162-1173.
583 4180 613 4189 -
651 4152 663 4186 ⁴
682 4169 697 4203 a
715 4153 790 4204 verbo
807 4153 921 4220 Molle,
940 4154 1031 4205 aureis
1042 4154 1121 4204 llomo
1133 4153 1259 4216 tegisvst

103 4238 224 4303 religionis.
243 4267 278 4274 -
332 4235 642 4307 ⁵Nureddin-bielrmud,
662 4242 844 4292 tlte-tte&
867 4270 902 4278 -
955 4237 967 4270 ⁰
985 4239 1068 4290 Codex
1091 4238 1168 4289 babet
1184 4239 1258 4293 sul-

103 4327 194 4378 llnsm
211 4326 328 4392 st'peulo
345 4327 455 4378 interius
472 4327 676 4382 salliuntur.
696 4357 729 4368 -
768 4329 778 4361 ⁷
798 4327 861 4384 Col,
880 4327 955 4378 babet
973 4327 1218 4380 nanciscuntur.
