2886 4908
746 269 793 340 20

183 448 327 514 militandi
346 449 440 529 gloria
462 453 584 528 vagante
606 446 761 520 licemius,
795 445 832 509 de
856 448 1105 528 claustris'quam
1126 449 1229 530 plures
1252 451 1373 529 migra·

182 557 253 617 bant
276 552 311 616 ad
335 559 447 624 castra,
471 559 501 614 et
524 548 646 627 abjectis
670 550 794 614 cucullis
816 553 925 614 loricas
946 551 1056 627 induti,
1074 552 1137 631 jam
1158 571 1229 618 vere
1252 553 1373 616 Christi

182 660 308 730 milites,
342 663 416 718 ncu'
435 656 568 717 armariis
598 654 654 717 sed
677 657 767 718 armis
792 655 912 718 studere
935 655 1110 735 gandebant.
1154 657 1371 720 Ecclesiarum
1419 717 1420 720 ,

180 781 253 825 veru
285 761 389 842 prelati
426 761 573 822 nutricem
595 761 750 831 virtutum,
786 761 993 831 sobrietatem,
1025 760 1145 841 publice
1177 760 1369 833 indicebant,
1419 767 1420 810 ἒ

182 869 352 928 excitantes
375 865 533 936 attentius,
565 870 598 924 ut
624 881 748 936 omnes,
783 871 813 924 et
839 882 1011 928 mensarum
1041 872 1072 927 et
1102 869 1230 929 vestium
1263 865 1369 928 nitore
1419 927 1420 932 ,

181 969 374 1053 postposito,
397 985 414 1028 a
439 967 510 1029 luxu
533 966 622 1029 solito
645 973 856 1047 temperarent.
901 966 1070 1030 institntmn
1096 971 1185 1030 etiam
1206 971 1369 1030 communi
1419 1011 1420 1022 ,

182 1074 308 1138 consilio
331 1079 391 1134 tam
413 1072 582 1151 principum
604 1089 692 1152 quarn
715 1071 870 1152 presulum
893 1072 962 1144 init,
985 1071 1066 1153 quod
1088 1070 1125 1133 ad
1147 1070 1367 1134 sustentandos
1419 1141 1420 1148 χ

181 1196 332 1261 pauperes
354 1177 529 1256 peregrinus
561 1175 628 1246 alii,
663 1177 714 1255 qui
737 1175 938 1247 remanebant,
961 1192 1062 1236 rerum
1084 1191 1206 1237 suarum
1229 1173 1366 1238 decimas

180 1282 402 1363 impenderent.
447 1279 507 1341 Sed
537 1278 680 1340 malitiosa
704 1277 865 1340 multomm
895 1276 1040 1358 cupiditas
1074 1279 1143 1340 hinc
1166 1280 1366 1341 occasionem

180 1388 309 1468 sumpsit
336 1392 369 1448 ut
397 1401 502 1464 graves
533 1390 563 1444 et
594 1383 739 1444 indebitus
771 1384 942 1445 exactiones
964 1385 995 1444 in
1018 1381 1152 1444 subditos
1175 1388 1365 1444 exercerent

180 1488 350 1553 ‹rotasniiis
375 1486 478 1549 diebus
502 1503 554 1548 rer
577 1486 747 1548 Siculorum
762 1486 928 1548 Wilielmus
950 1489 981 1547 in
1003 1487 1060 1548 iata
1083 1487 1251 1558 concessit,
1276 1483 1365 1562 cujus

182 1595 279 1658 obitus
293 1593 434 1655 universo
451 1589 530 1652 fideli
544 1591 657 1671 populo
680 1596 761 1652 tanto
783 1589 908 1651 flebilior
931 1596 1007 1662 crat,
1029 1595 1142 1668 quanto
1156 1565 1279 1669 ipse'ad
1295 1587 1364 1648 sub-

115 1742 120 1752 ·
181 1699 289 1761 sidium
311 1700 389 1758 terre
412 1696 523 1758 Sancte
547 1695 668 1775 propior
691 1701 722 1755 et
743 1696 867 1774 pronior
890 1695 1041 1757 existebat.

117 1875 119 1880 Ι
265 1801 402 1862 Decurso
422 1803 577 1877 tempore
616 1798 821 1860 Romanorum
862 1800 1024 1878 imperator
1060 1796 1237 1862 Frederiens
1274 1813 1362 1860 sacre

182 1903 427 1988 peregrinationis
450 1903 572 1962 assumit
600 1903 741 1980 insignia,
773 1909 804 1962 et
825 1903 886 1964 veri
910 1901 1037 1965 iormam
1058 1901 1207 1983 peregrini
1228 1905 1290 1960 tarn
1313 1916 1363 1960 ex·

182 2012 292 2071 teriora
315 2007 415 2068 habitu
439 2021 528 2085 qnam
559 2005 702 2068 interiore
730 2003 877 2084 depromit
906 2005 1025 2069 affectu.
1069 2006 1119 2068 Vir
1147 2009 1245 2066 tantus
1275 2003 1362 2082 cujus

180 2112 339 2192 imperium
360 2109 431 2169 binc
454 2125 536 2169 mare
559 2105 824 2182 mediterraneum,
853 2108 922 2169 hinc
943 2109 1074 2172 borealis
1098 2102 1234 2170 claudit¹
1256 2124 1362 2168 occea-

182 2234 255 2289 nus,
278 2212 365 2291 cujus
388 2212 479 2292 gloria
502 2210 651 2272 continuis
674 2212 766 2272 crevit
779 2212 925 2284 victoriis,
948 2205 1174 2288 cujusielicitas
1191 2201 1362 2272 consensit

183 2319 348 2390 offensam,
371 2333 493 2378 omnem
514 2311 692 2376 blandientis
713 2313 807 2375 seculi
829 2317 984 2394 postponit
1005 2315 1176 2383 illecebram
1198 2321 1229 2374 et
1244 2312 1360 2375 humilis
1420 2386 1421 2389 Ἴ

181 2441 237 2504 pro
271 2421 387 2484 Christo
411 2419 573 2496 accingitur
604 2425 797 2497 pugnaturus.
841 2417 913 2494 Ejus
941 2421 1121 2492 strenuitas,
1149 2418 1309 2498 presertim
1330 2417 1360 2476 in

183 2527 271 2589 annis
290 2524 475 2605 ‘vigentibus
503 2522 697 2584 conminus
727 2519 877 2601 stupenda
906 2539 995 2601 quam
1027 2521 1174 2586 laudanda
1196 2527 1258 2592 est,
1292 2538 1360 2582 nam
1419 2503 1420 2550 ³

183 2647 251 2692 cnm
274 2629 373 2690 senior
398 2633 496 2698 esset,
520 2631 550 2686 et
572 2623 647 2686 illics
669 2623 802 2696 haberet,
826 2611 931 2704 quibus
954 2630 984 2686 et
999 2630 1062 2693 etas
1079 2632 1108 2686 et
1122 2628 1214 2688 virtus
1237 2623 1275 2686 ad
1289 2625 1359 2684 miii·
1420 2614 1421 2617 '

183 2731 305 2795 tandum
322 2733 417 2812 aptior
431 2728 593 2800 videbatur,
616 2746 670 2790 eos
686 2735 786 2790 tamen
810 2735 948 2808 tanquam
971 2729 1186 2792 insufficientes
1208 2734 1357 2808 reputans,

182 2841 248 2918 ipse
274 2827 445 2915 principis²
467 2832 701 2894 christianissimi
722 2835 875 2912 negotium
897 2832 1119 2913 procurandum
1134 2834 1277 2912 suscepit.
1316 2831 1359 2892 Fi-

183 2942 230 3003 iiis
254 2944 352 3000 antem
367 2935 556 3007 instantibus,
579 2943 612 2998 ut
634 2935 680 2997 vel
703 2955 758 3016 pro
781 2936 842 3008 illo,
866 2936 911 3000 vel
935 2953 1004 2998 cum
1026 2937 1076 2999 illc
1096 2944 1237 3018 suscepte
1254 2936 1356 2997 milicie

184 3061 293 3104 munus
315 3040 475 3120 implerent
485 3033 509 3112 ³,
531 3040 624 3112 ilium,
640 3041 691 3119 qui
706 3047 776 3101 natu
800 3039 894 3118 major
917 3046 988 3112 erat,
1011 3047 1185 3120 regnantem
1205 3035 1357 3120 reliqnit‚⁴

185 3148 273 3211 alium
295 3164 377 3217 vero,
401 3162 491 3225 quem
514 3143 622 3205 ducem
645 3145 813 3208 Suanorum
836 3144 965 3216 iecerat,
988 3162 1092 3206 secum
1114 3145 1284 3223 assumpsit.
1324 3143 1357 3202 Et

184 3253 254 3332 quia
275 3251 435 3330 imperialis
458 3246 615 3325 majestas,
646 3250 797 3310 neminem
827 3250 923 3310 subito
946 3251 1110 3329 impetens,
1144 3249 1278 3310 hostibus
1300 3248 1356 3309 suis

184 3355 261 3417 heila
292 3371 414 3433 semper
453 3351 567 3425 indicit,
606 3352 769 3415 destinatur
798 3354 834 3414 ab
864 3355 1045 3435 imperatore
1080 3350 1117 3414 ad
1153 3348 1355 3413 Salahadinum

185 3459 316 3528 nuntius,
339 3463 371 3518 ut
393 3439 439 3518 'vel
463 3455 694 3520 Christianorum
717 3459 914 3529 universitati,
938 3474 1027 3537 qnam
1050 3457 1128 3526 lesit,
1151 3454 1309 3516 satisfaciat
1328 3455 1355 3514 in

185 3563 326 3644 pienum,
361 3561 408 3623 rei
431 3561 631 3624 distiduciatus
654 3581 688 3623 se
714 3568 855 3642 preparet
884 3561 920 3622 ad
944 3578 1149 3641 congressum.
1200 3557 1353 3638 Epistoiam

187 3665 316 3742 Soldani
333 3668 557 3745 responsoriam
580 3667 678 3728 libeiic
702 3675 806 3730 nostro
828 3664 1019 3728 inserendam
1041 3664 1192 3733 duximus,
1222 3679 1289 3723 nam
1310 3678 1352 3722 su·

185 3771 275 3849 perba
299 3772 415 3849 tyranni
436 3769 542 3832 fiducia
566 3789 654 3851 quam
677 3768 713 3831 ad
743 3768 945 3840 resistendum
981 3774 1175 3850 conceperat,
1210 3771 1240 3827 et
1269 3765 1353 3844 ipsius

185 3880 291 3936 tenore
314 3873 459 3935 clarescit.
503 3873 574 3935 Eam
597 3873 718 3954 quidem
740 3875 770 3935 in
791 3874 857 3954 ipsa
873 3873 1058 3954 simplicitate
1073 3873 1242 3942 verborum,
1258 3870 1287 3930 in
1302 3886 1353 3948 qua

187 3979 357 4058 conscripta
378 3977 490 4050 iuerat,
514 3977 666 4058 recitando
689 3978 901 4058 proponimus,
924 3975 1015 4038 nichil
1029 3977 1149 4056 penitus
1164 3977 1353 4038 immutantes

189 4131 415 4143 m...-

261 4216 270 4249 ¹
288 4219 349 4270 (iod.
367 4217 496 4270 cienda.
514 4243 550 4258 --
574 4217 586 4251 ²
604 4219 633 4270 ln
651 4216 743 4271 Codice
761 4217 816 4270 loco
834 4216 981 4272 uerborum:
1004 4215 1059 4284 ipse
1080 4215 1208 4284 principis
1224 4216 1351 4271 scribendi

186 4305 674 4374 compendiumhaheturperotscurum.
691 4331 721 4343 -
742 4302 826 4360 ³Ood.
843 4304 1034 4372 implorant
1048 4329 1081 4342 -
1099 4299 1111 4335 ⁴
1127 4302 1190 4358 cod.
1209 4303 1350 4372 reliquid
