2886 4908
173 1863 309 1968 Legitur
332 1884 471 1947 Chroniei
493 1880 646 1963 sequentis
672 1880 870 1962 fragmentum
898 1883 929 1943 in
953 1879 1057 1944 codice
1086 1880 1280 1946 bibliothecae

101 2011 225 2090 regiae,
248 2025 324 2089 quac
338 2003 483 2068 Brureiiis
498 2009 563 2077 est,
584 2003 833 2077 membranaceo,
855 2004 976 2068 saecuto
1000 2001 1074 2067 xllr.
1097 2005 1279 2086 conscripto,

99 2131 301 2210 numerisque
326 2121 519 2190 14775-76
543 2125 668 2205 signato.

193 2250 275 2312 Folia
297 2247 428 2321 codicis,
457 2247 573 2309 turbato
603 2245 672 2307 oiim
695 2264 750 2326 per
771 2244 969 2326 bibliopegam
992 2243 1114 2318 ordine,
1143 2244 1224 2308 bunc
1247 2248 1278 2309 in

49 2463 53 2468 ,
102 2368 229 2434 modurn
254 2376 352 2432 extant
367 2368 517 2448 colligata:
544 2362 579 2440 1,
603 2365 638 2440 2,
662 2363 697 2440 6,
720 2361 759 2440 4,
783 2363 820 2440 5,
844 2362 881 2439 3,
905 2361 942 2439 8,
966 2363 995 2429 7.
1042 2366 1178 2441 eratuor
1198 2367 1276 2430 iuliis

102 2492 321 2574 posterioribus
344 2490 513 2552 Chronicon
536 2495 672 2551 nostrum
695 2489 873 2550 continetur.

192 2611 296 2674 Codex
325 2613 356 2673 in
386 2609 537 2690 catalogo,
570 2629 661 2690 quem
689 2611 732 2672 vir
766 2609 946 2672 clarissimus
978 2608 1111 2673 Marchai
1143 2609 1277 2692 digessit,

102 2733 279 2814 imperfecte
302 2739 421 2796 notatus
443 2733 538 2795 ariro
553 2731 809 2812 praestantissimo
824 2729 911 2792 Perta
935 2732 965 2793 in
987 2731 1070 2805 libro,
1094 2733 1145 2812 qui
1159 2730 1277 2796 Archiri

103 2855 239 2918 historici
260 2855 378 2916 titulum
400 2852 474 2926 tert,
498 2849 573 2932 (tom
596 2849 666 2915 viu.
689 2871 719 2932 p.
743 2847 819 2931 540)
842 2853 1008 2916 accuratius
1030 2850 1197 2932 descriptus
1220 2861 1275 2916 est.

191 2975 401 3056 Fragmentum
415 2973 485 3036 inde
501 2973 657 3045 baustum,
679 2978 783 3053 utpote
799 2989 816 3035 a
831 2974 976 3053 scriptore
997 2991 1127 3048 coaevo,
1151 2980 1182 3036 et
1195 2975 1274 3037 inter

102 3100 187 3180 ipsos
209 3096 279 3160 beili
301 3097 438 3160 delineati
460 3089 604 3176 strepitus'
629 3092 806 3157 adornatum
828 3112 890 3156 non
919 3096 1040 3158 omnino
1069 3093 1274 3178 spernendum

104 3238 174 3284 esse
198 3220 376 3282 censuerim.

191 3341 412 3404 Sententiarum
434 3337 525 3401 flores
547 3337 616 3400 binc
638 3335 708 3399 inde
731 3338 839 3418 sparsi,
873 3336 992 3418 locique
1015 3355 1051 3400 er
1073 3356 1156 3401 saera
1178 3339 1272 3421 sen'p·

102 3469 169 3525 tura
196 3463 301 3525 inserti
333 3460 473 3523 clericum
514 3458 559 3520 rei
589 3457 770 3521 monachum
806 3465 941 3520 autorem
971 3458 1064 3523 tuisse
1098 3466 1270 3540 coarguunt.

190 3582 328 3656 Annum,
350 3600 366 3643 a
390 3598 449 3662 quo
472 3578 610 3642 narrandi
630 3581 745 3642 initium
768 3581 862 3660 cepit,
884 3583 949 3661 ipse
971 3581 1002 3643 in
1025 3581 1147 3644 exordio
1170 3582 1270 3662 operis

103 3693 255 3766 indicarit'
281 3703 444 3783 Scripsisse
467 3709 568 3764 autem
583 3707 716 3763 autorem
731 3702 865 3782 ignotum
880 3709 948 3765 ante
959 3701 1100 3764 Friderici
1114 3701 1135 3764 Ι.
1158 3703 1270 3764 obitum

104 3841 141 3886 er
161 3823 319 3889 remorum
341 3829 445 3885 tenore
469 3820 661 3899 conjecerim.

187 3944 287 4007 Locus
318 3946 396 4007 enim
427 3962 486 4024 quo
519 3941 662 4006 Friderici
683 3944 889 4006 strenuitatem
920 3945 1096 4026 praesertim
1126 3987 1143 4017 „
1156 3945 1268 4007 annis

101 4065 342 4146 rigentibus“
374 4066 499 4127 maxime
532 4062 712 4126 laudandam
745 4083 814 4128 esse
847 4071 952 4127 censet
983 4071 1083 4138 autor,
1117 4067 1143 4127 si
1165 4068 1267 4146 utique

100 4203 190 4248 sanus
206 4191 268 4258 est,
284 4192 355 4248 tunc
370 4185 490 4248 nonnisi
504 4184 688 4248 intellectum
702 4184 837 4258 admittit,
860 4186 885 4247 si
900 4204 991 4251 rores
1013 4187 1121 4249 annis
1143 4188 1268 4266 rigen-

98 4308 205 4372 tibus
225 4308 267 4371 ita
287 4305 490 4388 interpreteris
513 4325 548 4373 ao
572 4309 598 4370 si
620 4307 805 4388 scripsisset:
828 4307 939 4371 annis
962 4307 1245 4388 praesentibus.
