2886 4908
722 289 800 370 Ι12

185 474 249 554 jam
273 476 336 538 aliis
366 474 523 584 pervenique
553 478 750 550 certantibus,
779 481 845 559 ipse
875 479 1005 558 martyrii
1027 477 1150 558 gloriam
1179 479 1224 541 vir
1253 479 1390 558 primus

67 629 69 632 .
189 582 324 642 obtinere
354 589 488 664 poterat,
519 581 600 662 quod
622 589 721 644 tumen
752 601 945 664 summopere
977 582 1140 645 affectabat.
1184 581 1249 643 Nec
1273 579 1390 642 defuit

187 685 366 748 miraculose
382 684 480 748 divine
496 687 693 750 miserationis
710 689 858 768 potentis;
887 706 956 748 nam
978 705 1033 767 per
1055 694 1115 748 tres
1139 692 1246 748 noctes
1269 687 1388 766 proxi-

187 806 270 860 mos,
304 806 374 850 cum
397 795 568 851 sanctornm
592 797 755 871 martyrum
779 808 908 871 corpora
931 790 1030 872 adhuc
1050 789 1198 870 insepulta
1217 789 1384 867 jacerent,

188 893 312 956 celestis
332 891 430 954 radius
453 894 528 970 ignis
544 892 675 974 desuper
691 895 866 956 nranilestus
882 895 1004 956 infulsit,
1049 892 1243 955 salahadinus
1265 895 1384 972 itaque

188 1013 257 1058 cum
276 994 338 1072 jam
361 995 430 1056 belli
454 996 588 1057 iremitns
612 999 862 1076 conquiesceret,
887 1005 917 1058 et
933 998 1001 1060 hinc
1024 999 1156 1079 captivos
1180 996 1270 1067 trahi,
1294 995 1381 1058 inde

188 1117 278 1162 cesos
300 1100 412 1178 passim
430 1098 533 1176 jacere
552 1100 755 1181 conspiceret,
780 1103 888 1162 erectis
912 1101 948 1162 sd
972 1102 1071 1162 celum
1094 1099 1189 1162 oculis
1214 1099 1251 1160 de
1274 1098 1380 1180 adep-

186 1204 269 1266 tione
291 1205 415 1266 victorie
438 1210 545 1282 grates,
560 1203 687 1266 Domino
711 1203 857 1276 reddidit;
882 1206 925 1266 sic
950 1206 1029 1266 enirn
1051 1203 1150 1264 lacere
1172 1204 1202 1264 in
1226 1203 1380 1264 omnihus

126 1371 133 1385 Ι
187 1325 246 1386 que
270 1305 442 1370 accidebant
465 1309 629 1372 consueuit.
675 1306 714 1368 ht
736 1311 814 1370 inter
837 1315 937 1370 cetera
961 1309 1018 1370 hoc
1040 1309 1142 1392 sepius
1172 1305 1281 1366 dixisse
1308 1305 1379 1366 ier-

184 1417 247 1482 tur‚
271 1409 354 1490 qnod
375 1428 437 1470 non
461 1428 513 1473 suu
536 1413 688 1491 potentia,
711 1412 765 1474 sed
785 1420 957 1474 nostrorum
979 1414 1119 1492 iniquitas
1142 1412 1219 1473 hanc
1242 1409 1282 1470 illi
1306 1411 1378 1472 vic·

184 1517 291 1578 toriam
320 1513 459 1586 contulit,
492 1523 523 1576 et
552 1515 610 1576 hoc
637 1517 736 1597 ipsum
766 1535 827 1577 non
857 1513 1128 1584 insolitusrerum
1151 1514 1377 1594 comprobabar

184 1625 319 1681 eventus.
363 1617 395 1678 ln
425 1619 636 1698 congressibus
659 1621 722 1681 aliis
745 1627 918 1683 nostrorum
947 1621 1115 1692 exercitus,
1146 1616 1376 1700 quantumlibet

183 1720 337 1792 modicus,
361 1720 459 1784 divino
474 1721 605 1801 presidio
623 1741 744 1805 semper
759 1725 958 1802 prevaluerat;
982 1741 1062 1784 nunc
1079 1729 1187 1794 autem,
1212 1721 1280 1800 quia
1304 1739 1372 1782 nec

182 1841 240 1886 nos
256 1841 323 1887 curn
340 1824 484 1896 Domino,
509 1843 565 1886 nec
581 1827 738 1888 nobiscum
752 1827 914 1902 Dominus,
939 1846 1014 1907 gens
1031 1833 1133 1888 nostra
1156 1827 1276 1907 penitus
1292 1831 1371 1886 ante

184 1913 356 1990 conflictum
375 1927 546 2012 succubuit,
569 1947 638 1990 cum
653 1915 759 1990 tamen
770 1931 878 1992 milites
893 1931 960 2010 plus
979 1948 1068 2011 quarn
1083 1927 1173 1998 mille,
1197 1934 1228 1988 et
1242 1926 1369 2008 pedites

182 2030 250 2110 plus
267 2048 356 2109 quam
379 2032 479 2110 viginti
502 2031 592 2092 millia
616 2039 819 2118 censerentur.
849 2032 933 2095 Adeo
957 2052 1029 2096 sene
1045 2033 1140 2098 tocius
1163 2032 1247 2110 regni
1269 2031 1370 2092 robur

185 2132 284 2196 edicto
307 2136 389 2213 regio
406 2135 443 2196 sd
456 2134 569 2205 bellum
583 2135 655 2198 illud
672 2135 872 2201 confluxerat:
895 2144 928 2198 ut
949 2138 991 2200 illi
1012 2143 1125 2200 tantum
1147 2136 1178 2196 in
1194 2140 1367 2196 castrorum
1429 2133 1430 2206 f

182 2244 212 2299 et
242 2237 370 2315 urbium,
386 2238 552 2300 residerent
582 2238 733 2309 custodio,
769 2258 846 2322 quos
870 2239 992 2319 etatis1
1034 2248 1064 2302 et
1090 2258 1179 2303 senus
1207 2239 1366 2299 infirmitas
1429 2265 1430 2270 ¹

182 2347 332 2402 armorum
353 2360 476 2428 prorsus
511 2343 636 2404 habebat
656 2345 815 2405 immunes.
859 2343 925 2408 Hoc
943 2345 1056 2426 ,bellum
1086 2343 1134 2404 die
1157 2341 1365 2406 translationis
1428 2297 1430 2428 4

101 2471 104 2478 ⁴
182 2447 278 2506 saneti
286 2443 403 2506 Martini
419 2445 480 2506 lato
496 2446 605 2506 infelici
621 2448 826 2520 commissum,
842 2449 898 2509 suh
914 2468 974 2510 uno
992 2455 1061 2510 ectu
1076 2446 1220 2526 temporis
1236 2461 1364 2505 omnem

179 2551 265 2628 regni
286 2550 409 2626 gloriam
427 2551 573 2612 transtulit
588 2558 617 2611 et
633 2553 760 2614 extinxit.
807 2553 955 2616 Soldanus
978 2567 1050 2628 ergo
1073 2550 1252 2613 munitiones
1268 2555 1363 2620 terre,

182 2654 260 2714 cesis
278 2651 494 2726 defensoribus,
511 2655 611 2718 laciles
627 2655 665 2717 ad
681 2657 887 2736 occupandum
905 2658 1052 2729 conlisus,
1069 2673 1170 2736 regem
1186 2645 1364 2732 captivum²

180 2758 275 2820 victor
297 2776 351 2838 per
375 2765 469 2820 castra
486 2760 570 2836 Syrie
595 2760 804 2833 circumducit,
828 2771 870 2834 ut,
892 2765 922 2824 in
945 2761 1102 2824 ludibrium
1126 2763 1303 2827 reservatus,
1330 2760 1362 2816 et
1427 2845 1428 2848 Ἴ

137 2849 140 2855 ’
181 2859 333 2940 capiendis
363 2863 537 2953 ostendatur
560 2866 696 2937 urbibus,
727 2875 755 2927 et
788 2867 932 2948 populum
962 2867 1066 2928 incitet
1096 2863 1132 2930 ud
1164 2859 1361 2922 deditionem.
1427 2865 1428 2880 ³

180 2962 285 3026 Accon
308 2967 407 3044 itaque
431 2969 575 3047 veniens,
594 2971 689 3048 ipsam
712 2971 840 3050 primum
863 2979 893 3037 et
916 2989 1003 3050 quarn
1028 2971 1156 3050 primurn
1179 2965 1290 3042 absque
1313 2964 1360 3022 in-

179 3067 259 3130 sultu
285 3070 404 3147 recipit,
436 3071 546 3134 civibus
571 3091 606 3134 ex
629 3073 767 3138 condicto
790 3076 955 3157 libertatem
978 3074 1152 3136 habentibus
1177 3084 1358 3138 sescena,
1426 3125 1427 3132 ,

180 3191 238 3252 qus
256 3191 347 3242 ,mens
364 3173 494 3266 duxerit,
517 3177 725 3241 transferendi.
770 3179 886 3253 intereo
902 3163 990 3240 naule
1007 3193 1114 3238 cursus
1128 3174 1234 3236 solitos
1250 3169 1356 3230 hccon

180 3275 323 3356 dirigunt,
348 3280 397 3358 qui
416 3280 451 3340 nb
474 3279 594 3359 [littlore
611 3283 771 3345 christiano
786 3284 923 3363 proiecti,
946 3283 993 3344 alii
1007 3299 1136 3353 merces,
1160 3278 1206 3340 alri
1222 3283 1356 3336 transve-

178 3379 253 3442 hunt
267 3385 452 3460 peregrinos,
474 3393 502 3446 et
518 3369 593 3446 heu!
616 3394 881 3464 rerumgestarum
902 3389 997 3456 inscii,
1021 3384 1057 3446 ad
1073 3389 1192 3466 portum
1214 3378 1356 3439 hostilem

177 3483 327 3564 applicant
349 3488 522 3566 captivandi.
554 3489 647 3550 Casus
669 3489 798 3570 quidem
808 3490 962 3552 mirabilis!
985 3491 1054 3551 litus
1071 3488 1190 3564 alonge
1208 3491 1354 3560 conspec-

177 3594 241 3648 tum
264 3590 406 3663 salutant,
430 3599 459 3654 et
472 3593 590 3656 vincula
611 3600 752 3674 parentur
768 3583 913 3672 egressis,
937 3581 1085 3670 naufragia
1113 3588 1244 3650 evasisse
1260 3585 1353 3644 letan-

177 3695 238 3762 tur,
263 3699 292 3752 et
314 3694 343 3754 in
365 3694 479 3774 gladips
502 3695 654 3768 incidunt;
679 3713 783 3775 pacem
808 3697 916 3776 latigati
940 3701 1113 3777 expectant,
1148 3688 1353 3754 etinveniunt

176 3805 419 3886 persequentem.
463 3798 601 3880 Plerique
631 3807 819 3864 reservantur
842 3801 962 3882 captivi,
994 3790 1185 3881 quamplures
1206 3793 1369 3854 habentur

132 3911 136 3918 '
175 3895 317 3972 ludibrio,
339 3903 425 3978 pauci
446 3903 733 3984 sinuntur-reverti,
757 3923 833 3984 quos
855 3905 950 3966 hostis
964 3922 1010 3966 er
1031 3887 1175 3964 industria
1197 3883 1298 3958 'nudos
1322 3900 1351 3956 et

175 4005 284 4084 inopes
314 4006 403 4082 abire,
423 4009 582 4087 permittit,
617 4015 649 4072 ut
680 4008 795 4070 illorum
825 4009 960 4087 exemplo
992 4009 1195 4069 exterreantur
1225 3998 1350 4065 venturi.
1424 4071 1425 4095 χ

175 4106 255 4168 lnter
278 4115 395 4170 ceteros
417 4109 625 4186 Marchisus',“⁵
646 4131 663 4173 a
686 4113 943 4197 Constantinqpoli
965 4113 1104 4183 venicus,
1127 4114 1207 4170 extra
1229 4110 1350 4184 portum

180 4217 394 4229 η--ι-η

248 4259 335 4313 ¹cad.
362 4263 566 4315 sistatis·
604 4265 773 4317 ²Guidouem
793 4267 823 4318 de
841 4267 972 4320 hisinieeo
989 4267 1029 4318 rel
1051 4267 1212 4332 busigneuc,
1239 4265 1348 4318 (isllioer
1423 4247 1424 4252 Ἰ

177 4347 317 4414 Lusignen.
336 4376 370 4386 ··-
401 4347 413 4382 ³
432 4349 768 4406 Gunrsdusblanllsl'crrnti
785 4355 914 4421 biarchis,
934 4354 1051 4408 Guilelmi
1068 4353 1176 4407 senioris
1194 4355 1270 4410 illius.
