2886 4908
430 317 445 350 .
736 271 782 343 u·

10 387 108 462 W
407 371 409 375 ‘

15 463 18 469 ⁰
33 442 67 484 ‘fl
169 406 230 523 ret,
262 449 310 512 vel
339 432 652 529 languentium'turha
676 449 714 510 oh
736 451 792 510 iter
815 447 955 511 destituta
977 447 1102 528 periret·
1141 446 1366 545 Dudumqui3

165 551 292 614 demin
316 552 535 614 discussionem
558 558 694 625 venerat,
717 571 754 613 an
777 553 867 624 mari,
891 569 928 614 an
950 558 1029 614 terra
1052 554 1151 630 potius
1173 558 1253 616 tanta
1280 550 1365 613 hell¹

169 657 267 718 moles
296 654 460 720 incederet.
514 656 577 719 Sed
609 657 791 737 quantalibet
819 657 939 720 uarium
971 655 1129 718 multitudo
1158 663 1202 718 tot
1232 657 1364 718 milibus

169 758 396 822 transvehendis
426 760 525 823 miuus
555 759 693 822 sulficere
722 759 884 822 ridebatur.
929 757 1094 839 Imperator
1122 761 1238 839 itaque,
1271 778 1363 839 opus

169 863 358 944 propositum
387 865 539 926 instanter
560 863 750 936 accelerans,
789 882 845 946 per
873 861 1032 942 Ungariam
1062 864 1120 925 iter
1147 864 1285 936 instituit,
1328 869 1365 924 et

57 1013 58 1016 ,
169 968 222 1048 qui
244 975 348 1046 regum
369 967 489 1030 ultimus
513 966 720 1047 peregrinandi
742 974 844 1030 votum
867 969 1022 1041 emiserat,
1044 970 1157 1048 primus
1180 967 1216 1032 ad
1231 967 1365 1030 solven-

171 1070 243 1136 dum
273 1071 403 1132 festinat.
469 1071 532 1134 Rex
554 1071 759 1152 Ungarorum‚
790 1072 862 1134 Bela
884 1074 1019 1144 nomine,
1063 1079 1173 1134 statura
1203 1073 1363 1143 emisseus,

170 1174 253 1242 tultu
274 1176 417 1254 insignis,
441 1173 526 1252 cujus
549 1176 693 1255 perfectio
718 1195 735 1240 a
757 1177 876 1240 cumulo
907 1178 1023 1256 incipit,
1058 1175 1145 1253 eujus
1175 1176 1363 1255 preconium

172 1278 210 1346 ad
232 1297 349 1341 summa
370 1279 572 1360 progreditur,
597 1281 663 1350 cui,
697 1262 751 1343 etsi
777 1288 876 1342 cetera
900 1299 961 1342 non
984 1286 1192 1360 suppeterent,
1215 1278 1281 1342 sola
1298 1280 1363 1338 im-

171 1384 284 1465 periosi
305 1383 403 1446 vultus
426 1384 568 1463 elegantia
591 1403 684 1464 regno
708 1383 878 1464 dignissima
897 1387 1090 1456 censeretur}
1119 1385 1167 1445 hic
1189 1368 1362 1446 exercitum

174 1472 290 1549 Christi
304 1485 488 1566 hospitaliter
509 1489 629 1569 recipit,
662 1495 785 1567 ovanter
815 1489 961 1561 occurrit,
990 1488 1118 1566 henigne
1150 1487 1360 1567 prosequitur,

135 1637 137 1640 -
175 1596 206 1654 ot
228 1574 355 1671 operum
377 1589 554 1652 exhibitione
579 1590 749 1654 devolionis
770 1590 919 1655 fervorem
940 1597 1075 1654 testatur.
1119 1589 1261 1668 indigene
1279 1606 1360 1650 vero

175 1693 421 1776 quamplurimi,
445 1695 551 1756 eximio
575 1695 707 1758 calentes
731 1695 878 1775 exemplo,
901 1695 1002 1756 vident
1023 1697 1117 1756 aciem
1141 1700 1291 1763 sanctam,
1327 1697 1361 1754 et

176 1799 368 1860 commilitare
391 1799 538 1878 gestiunt,
567 1799 722 1862 attendunt
743 1801 919 1862 certantium
943 1800 1073 1879 premia,
1098 1803 1128 1858 et
1149 1797 1267 1859 labores
1291 1812 1359 1855 non

175 1909 321 1976 metuunt,
345 1903 491 1984 simulque
514 1909 547 1966 et
566 1905 669 1967 volunt
685 1911 714 1967 ct
738 1910 849 1969 vovent
870 1910 900 1964 et
922 1909 1097 1985 sequuntur,
1120 1909 1153 1963 ut
1163 1901 1226 1979 jam
1241 1897 1359 1980 liquide

178 2015 297 2071 constet
319 2007 401 2089 quod
424 2007 508 2072 tarda
528 2010 680 2072 molimina
701 2010 822 2093 spiritus
845 2009 940 2072 sancti
962 2006 1053 2086 gratia
1076 2023 1137 2067 non
1159 2005 1249 2066 norit.
1295 2002 1359 2062 Da·

178 2112 267 2174 nubio
290 2113 431 2186 transito,
454 2113 582 2174 eumad
605 2114 762 2175 ulteriores
784 2111 919 2192 Bulgarle
941 2111 1045 2180 lauces
1068 2108 1228 2172 deventum
1261 2110 1359 2176 esset,

179 2213 276 2288 Huni,
298 2214 403 2289 Alani,
426 2215 568 2296 Bulgares
592 2223 623 2279 et
644 2215 824 2280 Pincenates
840 2262 847 2277 .
864 2261 872 2277 .
890 2258 921 2276 ..

576 2406 713 2488 (Reliqua
736 2393 966 2484 desiderantur.)
