2886 4908
662 265 704 335 23

78 451 219 518 „carta
242 461 301 524 que
325 441 363 506 ad
382 459 438 504 nos
460 441 541 506 venit
562 459 618 522 per
639 456 761 504 manum
781 439 916 512 hienrici,
939 438 1112 502 nominatim
1134 439 1173 501 sit
1194 443 1275 502 carta

81 550 219 628 „regis,
242 549 416 628 scripsimus
440 551 550 608 cartam
571 546 658 608 istum
681 562 737 625 pro
759 560 925 623 responso,
959 548 989 605 et
1011 540 1149 605 dominus
1183 544 1275 622 erigat

82 669 177 723 „nos
200 651 238 716 ad
261 651 416 714 consilium
439 668 527 714 suum
550 667 602 711 sua
624 649 784 712 voluntate.
829 648 914 711 Carta
928 647 985 710 hec
1001 649 1111 729 scripta
1124 647 1179 710 luit
1193 664 1273 709 anno

85 755 264 828 „adventus
296 755 442 837 prophete
473 755 568 816 nostri
600 752 774 816 hlahumeth
814 750 1010 817 ntxxxtsst.
1040 753 1130 831 gratia
1162 749 1275 812 domini

85 861 223 932 „solius
266 860 303 922 lit
325 858 463 923 dominus
479 859 572 921 salvet
587 857 763 938 prophetam
779 864 916 918 nostrum
938 854 1110 917 Mehumeth
1134 861 1165 917 et
1185 873 1274 918 suem

87 964 309 1044 „progeniem
343 969 372 1024 et
404 963 496 1027 solvet
528 960 720 1024 salvationem
752 960 905 1022 salvatoris
929 959 1040 1022 domiui
1063 957 1172 1020 excelsi
1195 960 1273 1038 regis

89 1067 272 1139 „victoriosi
300 1065 489 1138 educatoris,
526 1064 648 1130 veridici
679 1064 762 1128 verbi
794 1067 975 1146 compluris,
1007 1070 1103 1132 vexilli
1135 1072 1273 1144 veritatis,

89 1172 305 1252 „correptoris
329 1172 407 1232 orbis
441 1177 471 1232 et
493 1171 585 1249 legis,
620 1169 744 1231 Soldani
767 1169 1000 1232 sarracenorum
1025 1180 1056 1235 et
1081 1192 1272 1253 paganorum,

89 1276 270 1348 „servitoris
293 1273 417 1336 duarum
441 1281 611 1336 sanctarum
635 1272 795 1336 domorum
810 1280 840 1335 et
855 1281 957 1335 sancte
974 1274 1080 1339 domus
1095 1276 1272 1352 Jerusalem,

89 1380 210 1460 „patris
224 1380 379 1451 victorum,
393 1376 507 1458 ioseph
522 1377 570 1437 lilii
584 1375 649 1450 ioh,
665 1378 850 1439 suscitatoris
866 1380 1019 1457 progeniei
1035 1380 1225 1444 Mirmurenit
1238 1379 1270 1417 ¹“

183 1482 268 1546 Hanc
297 1483 418 1562 superbi
446 1486 476 1543 et
504 1479 629 1542 infidelis
661 1482 777 1560 tyranni
806 1481 961 1560 epistolam
993 1501 1062 1545 cum
1094 1489 1179 1564 nugis
1210 1487 1272 1550 suis

88 1587 270 1666 magnificus
291 1587 455 1666 imperator
477 1591 708 1664 contempnens,
731 1583 832 1663 dignas
855 1586 988 1666 principe
1010 1587 1069 1649 iras
1092 1591 1221 1670 concipit
1242 1596 1274 1652 et
1352 1657 1355 1671 ι

89 1691 130 1754 ad
155 1692 266 1754 bellum
287 1693 358 1752 totis
381 1689 534 1752 allectihus
558 1687 730 1750 exardescit
776 1687 851 1750 Eum
867 1689 959 1750 totius
972 1691 1089 1771 imperii
1104 1702 1272 1774 sequuntur

92 1803 250 1875 magnates
274 1801 304 1856 ct
327 1792 405 1876 apud
427 1791 621 1872 Maguntiem,
644 1792 693 1852 uhi
716 1807 752 1852 cx
774 1789 872 1852 edicto
894 1793 1038 1872 imperiali
1060 1803 1271 1872 convenerant,

91 1916 154 1961 una
178 1916 284 1961 omnes
308 1904 338 1959 et
360 1897 539 1959 unanimiter
561 1913 668 1958 omnes
690 1896 721 1954 in
743 1901 844 1956 votum
868 1897 973 1958 eximie
996 1895 1080 1961 tumq
1101 1902 1272 1981 peregrina·

91 2003 184 2064 tionis
212 2001 406 2082 proclamant.
458 1998 484 2060 Α
513 1998 641 2062 Domino
672 1998 781 2061 lentum
820 2006 866 2062 est
894 2001 993 2074 istud,
1023 2006 1073 2083 qui
1102 2007 1194 2086 spiret
1221 2006 1271 2068 uhi

91 2105 171 2178 vult,
195 2111 225 2166 et
247 2103 339 2168 eorda
361 2105 494 2165 omnium
516 2102 638 2164 inclinat
659 2120 719 2183 quo
743 2103 814 2164 vult.
845 2103 920 2168 Nem
936 2107 1086 2187 principes
1108 2110 1192 2180 tenti,
1206 2126 1271 2171 non

92 2210 189 2271 inanis
213 2209 306 2288 glorie
327 2210 459 2289 appetitu
482 2208 588 2280 illecti,
612 2225 672 2270 non
696 2205 809 2270 inducti
831 2210 951 2289 precio,
973 2229 1035 2273 non
1058 2212 1197 2294 precibus
1219 2229 1269 2274 ex·

94 2315 159 2386 citi,
189 2313 244 2376 sed
273 2314 340 2375 solo
369 2309 500 2394 superne
535 2313 734 2374 retributionis
763 2311 929 2384 desiderio,
962 2331 1017 2393 per
1045 2313 1205 2377 Dominum
1240 2322 1271 2378 et

95 2424 219 2499 propter
251 2418 429 2489 Dominum,
461 2415 498 2478 ad
528 2416 666 2478 milleium
697 2417 900 2495 accinguntur.
944 2416 1114 2480 Providerat
1146 2419 1271 2501 quidem

95 2521 215 2583 celestis
238 2519 359 2583 altitudo
375 2521 501 2594 consilii,
523 2527 556 2582 ut
579 2527 610 2582 et
629 2520 686 2601 ipsi
708 2527 817 2601 sponte
838 2519 935 2581 vocati
950 2521 1126 2601 obsequium
1140 2523 1270 2586 Domino

94 2631 209 2705 gratum
233 2622 449 2704 dependerent,
472 2631 502 2685 et
523 2624 684 2702 imperialis
700 2623 914 2704 magnificentia
930 2625 1086 2688 comitatus
1103 2626 1270 2707 condignos

94 2727 222 2790 haberet.
268 2728 317 2789 Sic
348 2745 419 2806 ergo
450 2728 608 2789 incentore
632 2728 736 2807 spiritu
760 2727 891 2808 undique
914 2726 1077 2802 confluunt,
1101 2737 1131 2792 et
1154 2732 1204 2810 qui
1225 2738 1270 2793 tot

95 2837 214 2912 gentes,
245 2836 289 2893 tot
319 2831 471 2912 principes
504 2831 559 2893 suh
588 2848 649 2891 uno
682 2832 847 2914 imperante
879 2832 1083 2913 conspiceret,
1118 2821 1270 2916 antiquam

95 2953 217 2998 romane
239 2936 396 3019 potestatis
418 2934 541 3015 gloriam
563 2953 623 2996 non
647 2933 785 2996 crederet
801 2933 999 2998 deflexisset
1039 2935 1072 2997 ln
1087 2937 1147 3000 hoc
1162 2938 1271 3001 Christi

97 3042 224 3102 exercitu
248 3045 331 3101 erant
343 3037 517 3118 pontifices,
540 3036 649 3112 duces,
673 3039 817 3112 comites,
841 3039 1047 3113 marchiones,
1071 3048 1102 3102 ot
1116 3043 1268 3124 principes

97 3143 143 3206 alii
164 3162 251 3224 quem
274 3141 409 3222 plurimi,
434 3157 510 3228 quos
533 3142 559 3203 si
582 3143 751 3205 nominibus
775 3149 806 3205 et
827 3143 901 3204 locis
925 3142 1193 3223 distingueremus,
1223 3147 1269 3208 in·

99 3254 229 3309 curreret
248 3248 359 3327 pariter
381 3251 411 3307 et
434 3246 560 3326 scriptor
589 3245 774 3318 molestiam,
807 3255 838 3308 et
858 3246 955 3309 lector
977 3245 1105 3320 tedium,
1128 3256 1158 3311 et
1179 3255 1269 3312 tenor

97 3350 240 3412 brevitatis
263 3349 416 3411 offensam.
460 3349 622 3413 Decretum
644 3369 718 3414 sanc
740 3349 921 3432 pmdentum
943 3350 998 3413 luit
1019 3352 1163 3426 consitio,
1186 3353 1269 3436 quod

97 3453 151 3514 hoc
171 3454 227 3514 iter
256 3437 355 3515 nullus
386 3453 545 3534 arriperet,
578 3453 664 3533 cujus
686 3454 809 3516 lacultas
832 3453 1042 3535 adsumptum
1064 3473 1196 3519 annuum
1223 3458 1269 3519 in·

98 3555 243 3618 sulhcieus
264 3555 423 3618 videretur.
468 3555 608 3620 Vehicula
641 3575 711 3620 vero
735 3575 824 3636 quam
848 3557 932 3638 plura
953 3563 1079 3640 propter
1099 3560 1266 3623 itinerarios

98 3666 260 3740 egrotantes
283 3665 454 3722 constructa
475 3659 611 3733 luerunt,
644 3679 682 3724 ne
707 3661 752 3726 vei
777 3679 850 3724 sano
871 3662 1006 3725 infirmus
1029 3680 1144 3726 moram
1166 3671 1267 3728 necte·

98 3815 181 3826 a—--ffi
197 3819 221 3822 ...
241 3819 247 3824 .
284 3818 287 3822 .

164 3898 172 3933 ¹
189 3916 281 3968 supra:
299 3901 531 3955 hllrmureeui.
550 3901 682 3970 —Super
699 3901 807 3968 epistole
824 3901 948 3955 uriucrtct
964 3903 1124 3970 imperatoris
1142 3906 1176 3958 ed
1193 3885 1267 3958 sniu-

98 3989 208 4042 hediuum
227 3991 286 4042 dete
304 3991 416 4043 conferri
433 3994 527 4058 potest:
554 3989 658 4043 Wiihen
677 3992 831 4044 Gesehichte
849 3993 896 4044 der
912 3991 1061 4056 Kreuudge
1078 3994 1108 4058 4,
1124 3993 1170 4045 52.
1205 3993 1267 4058 ipse

97 4077 196 4144 epistole
212 4078 280 4144 typis
293 4080 349 4142 Jem
367 4082 434 4130 extet
451 4093 574 4144 expresso
597 4080 664 4145 opud
688 4080 817 4132 lintheum
841 4076 1027 4144 Perisiensem,
1054 4077 1162 4129 Londini
1186 4079 1266 4136 tunt.

97 4165 196 4232 editum,
213 4166 247 4217 sd
265 4180 359 4218 annum
378 4167 455 4219 1188.
474 4181 497 4234 p.
516 4166 576 4218 122.
594 4181 629 4204 ’-
647 4163 660 4199 ²
675 4166 761 4219 Locus
781 4166 881 4220 videtur
898 4181 958 4219 esse
975 4161 1115 4217 mutilatus.
1128 4191 1160 4201 -
1177 4161 1265 4220 ³cot

99 4251 287 4306 deilixisse.
