2886 4908
770 333 811 401 10

201 515 311 573 terram
333 511 442 574 iioasie
471 529 539 572 cum
565 517 645 574 terra
667 508 773 572 Gesire
803 516 948 592 occupat,
979 516 1009 572 et
1030 507 1068 572 ad
1095 511 1196 572 iniiam
1227 508 1393 573 citerioris

201 612 283 676 ludia
305 622 445 696 penetrat
457 619 644 695 regnaturus.
674 615 777 694 llegua
792 617 890 694 itaque
906 615 1162 686 circumiacentia‚
1189 629 1271 676 nunc
1287 611 1391 683 dolis,

201 732 281 778 nunc
304 721 407 791 armis,
431 721 607 798 impugnans
630 725 660 780 ct
682 717 931 799 expugnans,·de
953 719 1079 798 sceptris
1100 717 1234 796 pluribus
1256 733 1391 776 monar-

201 821 297 882 cbiam
325 820 431 895 efficit,
461 829 491 884 et
512 829 558 884 tot
586 839 691 901 regum
720 823 804 886 solus
833 821 959 886 vindicat
985 822 1192 902 principatum.
1234 819 1300 880 Nec
1329 818 1389 878 his

201 931 339 987 contenta
361 929 476 1006 tyranni
499 925 661 1006 cupiditas,
684 944 744 1006 quo
767 927 851 1008 plura
873 925 1009 1006 possidet
1030 924 1068 987 ad
1089 925 1174 1005 plura
1194 919 1387 994 incenditur,

199 1033 231 1088 et
246 1028 441 1090 hereditatem
457 1028 569 1092 domini
583 1031 654 1092 totis
670 1031 776 1092 uiribus
793 1048 941 1110 occupare
957 1036 1092 1092 conabar.
1121 1027 1255 1107 Tempus
1271 1033 1386 1091 autem

198 1134 275 1194 votis
298 1131 495 1195 'accomodurn
517 1141 638 1206 nactus,
667 1133 729 1212 jam
751 1136 884 1198 obtinere
913 1141 1014 1215 sperat
1040 1132 1121 1214 quod
1143 1148 1299 1211 uunquam
1322 1149 1385 1210 op-

198 1231 287 1301 tare1
309 1245 540 1317 presumpserat.
571 1238 645 1299 Nam
669 1246 789 1318 propter
813 1257 937 1319 reguum
961 1235 1172 1304 dissidentibus
1187 1234 1383 1316 Tripolitano

198 1341 308 1401 cernite
329 1339 497 1404 linimundo
527 1349 558 1405 et
586 1343 722 1405 (luidone
745 1345 917 1408 Latinorum
946 1361 1018 1422 rege
1047 1348 1168 1414 ocuro,
1199 1339 1399 1420 perniciose

197 1443 311 1505 sedicio
333 1445 477 1524 populum
492 1445 680 1510 distrahebat.
724 1447 788 1509 Hec
810 1449 897 1526 igitur
913 1448 1098 1527 oportunitas
1116 1446 1287 1524 cupientem
1310 1443 1381 1504 ani-

196 1565 280 1608 mum
302 1549 401 1608 acrius
420 1548 572 1624 accendit,
596 1559 627 1614 et
641 1557 700 1613 tara
725 1553 855 1613 celerem
878 1567 968 1632 quam
983 1559 1099 1613 certum
1112 1547 1236 1629 gerendi
1250 1548 1380 1626 negocii

195 1652 354 1732 pollicetur
377 1653 524 1716 ellectum.
570 1655 710 1717 Ceterum
733 1674 794 1717 unu
817 1673 871 1717 sua
894 1672 984 1716 causa
1007 1651 1171 1716 aSoldano
1193 1650 1304 1712 bellum
1327 1652 1377 1712 in-

196 1753 318 1829 dicitur,
342 1775 410 1820 uam
434 1761 574 1839 princeps
596 1758 752 1821 Antiocbie
767 1757 948 1838 Regiualdus
966 1754 980 1793 ²
1001 1756 1088 1820 fedus
1110 1754 1258 1818 induciale
1280 1773 1376 1836 rupe·

194 1865 256 1931 rat,
288 1860 370 1941 quod
391 1865 485 1924 nostri
509 1880 577 1926 cum
600 1863 755 1943 gentilibus
777 1862 938 1926 hincinde
961 1867 1119 1926 sanxerant
1140 1857 1374 1921 obsecrandum.

193 1961 331 2037 Quodam
355 1968 433 2028 enim
448 1972 583 2048 tempore
608 1987 677 2030 cum
702 1968 845 2048 plurimus
868 1975 899 2030 et
920 1968 1079 2048 opulentus
1102 1965 1254 2044 gentilium
1276 1964 1373 2025 comi-

193 2073 272 2129 tatus
295 2087 311 2129 a
333 2069 480 2134 Damasco
503 2075 532 2134 in
556 2073 702 2153 Egyptum
724 2074 879 2145 transiret,
903 2079 934 2134 et
947 2077 1048 2152 preter
1063 2071 1172 2132 limites
1191 2075 1271 2131 terre
1287 2068 1372 2130 curi-

193 2171 374 2245 atiauorum,
409 2175 445 2234 ob
475 2175 660 2238 induciarum
687 2175 842 2249 fiduciam,
870 2177 1008 2239 itinerare
1021 2183 1093 2237 'non
1115 2171 1305 2244 formidaret,
1337 2171 1369 2232 iu

192 2291 248 2336 eos
270 2277 367 2339 subito
389 2279 529 2359 princeps
544 2278 696 2359 predictus
717 2282 815 2352 irruit,
839 2287 870 2340 et
890 2281 974 2359 ipsos
997 2297 1066 2340 cum
1080 2277 1226 2343 universis
1241 2276 1369 2337 sarcinis

192 2379 292 2451 minus
317 2379 460 2444 decenter
484 2386 615 2463 captivos
645 2381 770 2446 abduxit.
816 2381 965 2446 Soldanus
988 2385 1092 2463 igitur,
1122 2389 1185 2444 tum
1207 2379 1368 2442 ambitione
1428 2325 1430 2446 i

191 2481 328 2557 terrens,
358 2491 422 2546 tum
445 2487 551 2565 injuria
574 2487 726 2550 sibilante
748 2494 921 2568 permotus,
944 2489 1039 2549 tocius
1061 2485 1178 2566 impen'i
1199 2485 1246 2546 sui
1269 2484 1366 2544 excito
1428 2523 1429 2528 κ

191 2584 315 2658 robore,
345 2585 592 2654 ¹ierosolimorum
615 2592 690 2654 fines
713 2597 772 2654 tam
794 2599 933 2673 potenter
956 2610 1045 2672 quam
1072 2590 1216 2654 violenter
1245 2584 1365 2650 invadit.

191 2689 224 2752 Si
246 2708 388 2754 numerus
410 2693 580 2769 bominum,
611 2695 817 2759 dissimilitudo
840 2695 988 2776 geutimu,
1019 2695 1248 2757 cerimoniarum
1270 2688 1366 2754 diver·
1427 2729 1428 2770 p

190 2795 276 2867 sitas,
298 2803 387 2875 prout
409 2797 457 2859 lex
478 2798 609 2878 hystorie
633 2800 777 2881 postulat,
800 2802 917 2880 plenius
940 2799 1199 2868 describerentur,
1221 2801 1364 2858 tractatus

191 2896 323 2960 diiiusior
352 2901 499 2964 brevitatis
529 2906 716 2984 propositum
751 2905 949 2966 conturbaret.
1003 2902 1119 2974 Parthi,¹
1152 2899 1300 2971 Beduini,
1334 2905 1364 2960 et
1426 2933 1427 2936 =

189 2998 324 3075 Arabes,
348 3002 429 3065 Medi
458 3011 488 3066 et
509 3006 646 3068 Scordioi
676 3014 706 3068 et
728 3009 858 3089 Egyptii,
888 3010 966 3070 sicut
987 3010 1073 3081 loco,
1107 3007 1162 3068 ritu
1185 3010 1216 3066 et
1239 3004 1362 3064 nomine

191 3102 313 3177 diversi,
344 3109 386 3168 sic
407 3109 437 3169 in
461 3109 606 3172 excidium
634 3119 713 3172 terre
743 3118 845 3174 sancte
873 3113 1050 3174 unanimiter
1072 3108 1200 3172 accensi.
1244 3107 1362 3168 Nostris
1425 3175 1426 3192 ἶ

190 3208 305 3270 obviam
337 3210 583 3288 procedentibus,
614 3234 682 3278 cum
707 3215 770 3293 jam
799 3217 916 3278 iunesta
939 3215 1004 3278 dies
1026 3217 1167 3285 instaret,
1199 3211 1360 3273 camerario

189 3313 270 3390 regis
293 3313 367 3375 visio
384 3315 538 3378 tremenda
555 3321 692 3398 contigit,
709 3320 788 3400 quod
805 3319 932 3399 quedam
948 3319 1044 3398 aquila
1060 3317 1251 3380 christianum
1266 3320 1359 3376 trans·

188 3413 302 3476 volaret
324 3419 504 3492 exercitum,
535 3440 593 3501 que
617 3429 734 3502 septem
756 3425 876 3486 missilia
906 3430 936 3483 et
956 3422 1090 3485 balistam
1112 3425 1233 3499 gestans
1248 3404 1286 3479 'in
1308 3435 1359 3496 pe
1424 3435 1425 3464 1

189 3515 291 3590 dibus,
314 3537 389 3582 voce
412 3523 532 3585 terribili
552 3527 746 3605 personabat:
770 3545 805 3588 ve
828 3528 877 3588 tibi
892 3525 1072 3588 Jerusalem!
1094 3523 1142 3586 Ad
1164 3522 1252 3601 hujus
1276 3523 1358 3585 visio·

186 3621 234 3682 uis
256 3622 436 3687 eliciendum
452 3631 624 3706 mysterium
640 3630 777 3692 sulficere
801 3631 950 3693 credimus
973 3630 1055 3711 quod
1077 3629 1219 3711 scriptum
1234 3626 1356 3706 legitur:

187 3722 324 3788 Tetendit
346 3728 484 3792 dominus
506 3750 608 3795 arcum
624 3751 725 3807 suum,
749 3741 780 3796 et
801 3737 830 3796 in
854 3753 891 3795 eo
914 3736 1024 3814 paravit
1046 3751 1115 3796 vasa
1132 3733 1246 3794 mortis.
1281 3729 1355 3802 Quid
1423 3791 1424 3794 ,

86 3913 91 3924 .
187 3837 287 3892 autem
310 3839 426 3911 septem
443 3835 580 3908 missilia,
604 3838 660 3898 nisi
676 3843 791 3918 septem
805 3835 990 3900 certamina³
1011 3839 1109 3918 typice
1123 3836 1271 3909 iudicant,
1295 3837 1355 3914 qui·

186 3933 242 3996 bus
263 3934 365 3996 iuielix
387 3939 534 3999 exercitus
558 3941 672 4001 eratin
694 3941 830 4021 proximo
846 3941 1021 4022 periturus?
1044 3941 1147 4004 Potest
1163 3941 1258 4002 etiam
1279 3940 1353 4002 itlius

187 4025 354 4118 'Septenarii
377 4040 498 4102 nomine
519 4060 662 4121 penarum
685 4047 859 4106 universitas
890 4064 948 4125 que
971 4045 1155 4116 christicolis,
1167 4043 1354 4106 imminebant

185 4142 326 4225 intelligi,
357 4146 435 4228 sicut
456 4146 648 4225 postmodum
670 4145 764 4212 tidelis
787 4151 909 4212 nimium
932 4156 962 4212 et
984 4149 1065 4213 dirus
1087 4152 1234 4230 interpres
1256 4165 1353 4209 rerum

185 4278 417 4296 *nun-

243 4369 251 4403 ¹
269 4367 329 4420 cod.
348 4369 475 4422 altere.
493 4399 528 4411 -
546 4370 559 4404 ²
575 4371 734 4440 &mucidus
752 4375 968 4429 Outclliouesrls.
989 4405 1020 4418 -
1041 4375 1132 4430 icat.
1148 4375 1351 4431 criarisalia.
