2886 4908
735 285 758 358 8

161 467 278 530 Christo
300 483 364 528 nou
385 463 549 536 abhorruit,
573 463 629 524 sed
648 462 731 535 telis,
752 461 913 543 lapidibus,
934 461 1048 524 lanceis
1063 479 1226 542 oppressus
1240 464 1344 544 magis
1434 503 1435 508 κ

160 589 252 652 quam
274 571 385 642 victus,
408 570 455 630 vix
476 565 597 630 tandem
619 567 823 638 occumbens,
846 565 884 628 ad
906 566 989 626 celos
1010 565 1137 628 feliciter
1152 583 1221 628 cum
1236 568 1344 647 palma

159 674 289 754 martyrii
313 671 509 752 triumphator
530 672 670 750 migravit.
715 670 801 736 Mors
822 669 944 751 quidem
959 673 1073 744 naitior,
1097 679 1127 742 et
1150 672 1342 738 adsensum

160 778 272 840 doloris
295 794 356 837 non
380 781 518 847 venerut,
550 791 619 838 cum
642 775 729 837 unius
753 775 803 836 viri
824 773 939 853 gladius
961 781 1072 837 tantam
1095 775 1340 852 circumjacentis

158 881 243 946 turbe
271 880 426 942 struxisset
455 895 608 940 coronam.
633 876 746 954 ,Dulce
775 879 837 942 uiro
866 880 909 938 sio
939 878 1135 950 occumbere,
1163 880 1213 940 ubi
1239 881 1341 942 victor

157 987 223 1067 ipsc
245 985 275 1046 in
292 982 406 1055 medic,
430 989 459 1043 et
479 983 510 1043 in
526 982 649 1044 circuitu
664 983 763 1063 impii,
786 998 862 1062 quos
879 981 979 1044 dextra
994 982 1114 1044 victrice
1130 984 1338 1064 consumpsit!

157 1087 247 1152 Eram
261 1089 291 1148 in
306 1086 374 1148 loco
391 1087 439 1148 ubi
454 1088 639 1166 pugnabatur
655 1087 779 1166 stipulo,
803 1106 876 1168 quas
892 1103 1031 1158 messor,
1055 1092 1124 1165 post
1137 1103 1229 1167 grana
1244 1089 1337 1167 paulo

156 1199 226 1254 anto
254 1189 398 1262 decussa,
425 1190 585 1270 reliquerat
606 1191 806 1256 inconvulsas.
850 1190 1015 1254 lurcorum
1047 1196 1146 1252 autem
1175 1190 1337 1255 multitudo

156 1303 236 1358 tanta
251 1297 390 1367 irruerat,
413 1301 443 1355 et
456 1296 498 1358 nir
514 1296 621 1358 unicus
637 1302 741 1357 contra
754 1301 798 1358 tot
814 1296 893 1357 aries
910 1304 969 1356 tam
987 1293 1037 1356 diu
1053 1291 1237 1366 conlimitat
1254 1311 1337 1356 cam·

156 1419 214 1481 pus
228 1401 259 1460 in
274 1417 334 1478 quo
351 1398 482 1469 stabant,
505 1404 586 1460 totus
602 1399 802 1462 resolveretur
821 1401 851 1460 in
866 1399 1037 1478 pulverem,
1070 1414 1127 1458 nec
1150 1396 1208 1458 ulla
1224 1399 1336 1460 messis

156 1504 276 1581 vestigia
292 1501 412 1580 penitus
429 1508 646 1580 comparerent.
681 1501 791 1573 Fuere,
817 1509 850 1564 nt
866 1502 1037 1573 dicebatur,
1055 1500 1190 1562 nonnulli
1205 1501 1336 1580 quinor-

156 1623 213 1685 pus
237 1605 291 1670 riri
309 1603 371 1680 jam
393 1605 560 1666 exanimum
582 1604 706 1684 pulvere
728 1604 900 1686 superjecto
923 1613 1158 1684 conspexerunt,
1181 1612 1212 1666 et
1233 1606 1335 1683 ipsum
1435 1671 1436 1684 ξ

155 1709 219 1770 suis
234 1709 424 1788 imponentes
440 1708 613 1780 verticibus,
637 1711 773 1772 virtutem
796 1727 831 1772 ex
848 1715 987 1770 contactu
1003 1708 1138 1773 hausisse
1161 1707 1335 1770 credebant.
1435 1705 1436 1738 ³

156 1810 282 1885 Quidam
299 1828 379 1883 vero,
391 1811 427 1872 ul
437 1808 814 1883 iamu.lerebat,‚ardentius
830 1812 1131 1884 ceterismorebatur,
1147 1817 1176 1872 et
1191 1812 1334 1874 abscissis

156 1915 208 1975 viri
223 1913 415 1993 genitalibus,
440 1931 474 1974 ea
491 1921 629 1994 tanquam
645 1917 675 1976 in
691 1933 778 1976 usum
794 1915 932 1994 gigne-ndi
947 1933 1100 1979 reservare
1116 1914 1276 1995 disposuit,
1299 1921 1335 1979 ut

155 2017 203 2078 rel
213 2024 331 2078 mortua
344 2017 487 2088 membra,
504 2018 531 2078 si
545 2017 609 2078 lieri
623 2024 739 2098 posset,
755 2020 869 2080 virtutis
884 2024 966 2080 tante
982 2021 1163 2082 suscitarent
1176 2016 1332 2080 heredem.

154 2119 217 2182 blac
233 2137 305 2200 crgo
315 2138 439 2184 suorum
453 2120 574 2182 victoria
583 2119 777 2183 Salahadiuus
792 2119 944 2200 impendio
959 2121 1107 2194 hilaratus,
1124 2125 1267 2194 animum,
1279 2139 1332 2182 oc·
1392 2205 1398 2212 ‚

155 2221 284 2302 cupandi
296 2224 379 2302 regni
392 2223 552 2285 ambitione
564 2241 755 2297 succensum,
774 2223 811 2286 ad
822 2223 934 2302 majora
948 2223 1083 2288 intendit.
1108 2226 1258 2288 Verumut
1269 2231 1332 2288 tan·

153 2332 202 2388 tus
214 2326 364 2390 christiani
380 2328 509 2406 nominis
520 2333 704 2407 persecutor,
721 2326 827 2406 cupide
843 2329 1007 2406 posteritati
1021 2328 1139 2410 plenius
1153 2330 1331 2408 innotescat,

155 2427 193 2492 de
214 2429 365 2510 principiis
390 2428 455 2506 ejus
479 2429 602 2510 aliquid,
627 2437 769 2510 quantum
784 2431 909 2494 brevitas
926 2438 1040 2511 captata
1054 2433 1239 2512 permiserit,
1262 2449 1331 2512 pre·

154 2533 316 2592 mittemus.
360 2530 426 2594 Fuit
447 2534 555 2616 itaque
572 2532 610 2595 de
633 2551 745 2612 genere
767 2531 999 2608 Mirmuraeni,¹
1022 2542 1178 2615 parentum
1201 2555 1262 2596 uon
1285 2537 1330 2596 in·

153 2653 320 2714 genuorum
350 2635 467 2716 proles,
500 2655 560 2698 non
592 2644 690 2702 tamon
708 2639 833 2719 'obscuri
855 2641 1006 2718 sanguinis
1028 2639 1190 2702 humilitate
1213 2639 1330 2719 plebes-

154 2757 234 2798 cens.
279 2737 367 2800 Pater
389 2739 455 2818 ejus
476 2738 549 2813 lob,
582 2743 647 2821 ipse
670 2760 742 2805 vero
764 2743 876 2822 loseph
897 2752 1102 2824 rnuucupatus.
1147 2744 1221 2806 Nam
1247 2744 1330 2822 juxta

153 2840 318 2903 blahumeti
340 2841 545 2914 traditionem,
574 2843 631 2906 hec
655 2843 734 2923 apud
762 2845 924 2925 plerosque
954 2847 1105 2925 gentilium
1127 2850 1205 2927 riget
1227 2849 1329 2910 obser·

153 2948 267 3018 rantis,
291 2952 324 3006 ut
346 2965 413 3008 cum
437 2954 589 3010 caractere
613 2949 865 3022 circumcisionis,
889 2951 976 3012 etiam
998 2950 1186 3014 llrbreorum
1208 2953 1329 3026 nomina
1434 2961 1435 2964 ’

154 3048 405 3112 circumcidendis
426 3052 589 3131 imponant.
634 3052 788 3133 Principes
810 3055 900 3126 vero,
932 3062 964 3116 ut
985 3055 1152 3124 nominihus
1182 3058 1245 3118 suis
1268 3075 1328 3134 arn·
1434 3049 1435 3058 ’

153 3155 273 3226 moniti,
297 3154 371 3232 legis
395 3153 592 3243 mahumeticae
607 3157 733 3220 studiosi
748 3157 925 3232 defensores
947 3160 1144 3232 existumat
1166 3162 1233 3239 ipso
1254 3161 1327 3239 legis
1374 3194 1378 3200 -
1434 3233 1435 3236 Ἴ

153 3256 299 3318 vocabulo
329 3261 450 3320 nomina
479 3253 650 3322 sortiuntur.
675 3260 756 3343 ,aar
785 3262 934 3342 siquidem
963 3263 1060 3342 lingua
1084 3264 1185 3342 gentili
1216 3264 1327 3328 hadin

153 3357 268 3420 dicitur.
313 3359 403 3422 Unde
422 3369 452 3422 et
475 3361 671 3434 salahadinus
693 3365 859 3445 appellatus
882 3373 949 3436 est,
973 3365 1151 3446 quodlegis
1174 3375 1326 3430 corrector

152 3465 373 3541 interpretatur.
418 3462 454 3524 Et
469 3466 546 3526 sicut
562 3469 710 3547 principes
733 3471 827 3532 nostri
842 3469 890 3532 vel
910 3471 1105 3550 imperatores
1121 3471 1260 3536 dicuntur
1281 3475 1325 3538 rel
1436 3505 1437 3548 r

153 3582 250 3645 reges,
274 3566 317 3630 sic
333 3564 412 3645 apud
433 3567 511 3641 illos,
528 3570 578 3648 qui
595 3574 799 3649 preeminent,
824 3572 962 3647 Soldani,
985 3578 1069 3656 quasi
1092 3576 1148 3638 soli
1171 3576 1322 3640 dominan-

151 3676 214 3741 tes,
239 3671 436 3735 nominantur.
482 3672 677 3739 Salabadinns
704 3679 803 3758 itaque
832 3679 886 3741 sub
910 3677 1041 3740 Soldauo
1069 3679 1324 3744 Damascenorum

152 3773 346 3842 Noburudino
369 3774 427 3836 hoc
450 3777 578 3855 primum
601 3762 758 3858 potestatis
780 3801 836 3844 suo
860 3783 1023 3861 auspicium
1045 3783 1159 3857 babuit,
1183 3786 1265 3864 quod
1287 3787 1322 3850 de

152 3877 260 3956 puellis
283 3867 420 3941 Damasci
451 3884 627 3961 quesluariis
652 3893 799 3965 questum
822 3887 875 3948 sibi
898 3885 1054 3966 colligebat
1074 3887 1226 3953 infamem.
1269 3890 1324 3954 Eas

153 3981 232 4040 enim
256 3998 315 4041 nou
340 3981 423 4045 aliter
445 3982 550 4047 licebat
570 3989 710 4066 prostitui
732 3991 787 4050 uiri
810 3990 844 4052 ab
859 3992 925 4070 ipso
944 3992 1079 4070 primitus
1094 3991 1221 4056 libidinis
1244 4013 1321 4057 exer-

152 4081 248 4143 cende
272 4086 388 4164 copiam
411 4088 513 4166 precio
535 4090 754 4170 impetrassent.
800 4092 948 4174 Quicquid
971 4101 1069 4158 autem
1093 4095 1320 4176 hujusmodi'le-

150 4219 231 4230 ....-
239 4223 287 4229 -...-
304 4223 342 4229 .,...
372 4224 383 4230 -

224 4304 322 4358 ¹lut⁹re
338 4307 542 4374 hiirmnreni,
647 4367 651 4376 Δ
