2886 4908
750 238 916 317 223

186 425 369 505 „polentiam
393 423 450 488 dei.
495 422 558 484 Nec
581 423 688 487 suflicit
710 425 795 486 uobis
825 431 903 488 terra
924 425 980 487 istc
1002 441 1062 506 que
1084 431 1131 487 est
1151 423 1182 486 in
1204 423 1376 494 maritima,

187 527 261 600 „s'ed
284 529 472 591 transibimus
496 527 645 591 voluntate
669 528 717 590 dei
739 537 770 590 et
800 531 997 591 obtinebimus
1028 537 1121 593 terras
1152 536 1266 594 vestras
1299 528 1375 590 uni·

187 651 308 704 „versas
330 631 500 694 tortitudine
524 631 580 694 dei.
625 634 702 694 Nam
723 635 748 694 si
771 636 930 706 veneritis,
962 651 1031 695 curn
1054 640 1119 696 toto
1141 651 1234 714 posse
1257 637 1372 696 restro

187 737 346 808 „venietis,
370 741 400 796 et
421 743 579 816 presentes
603 739 685 800 eritis
708 756 777 800 rum
801 741 882 801 ornni
913 748 1002 818 genle
1036 744 1150 811 vestra,
1184 745 1214 800 et
1246 737 1371 798 scimus

181 839 289 922 „quod
309 843 339 902 in
355 849 440 904 ‘terre
464 848 559 904 vestra
584 843 683 905 nullus
706 837 889 916 remanebit,
921 847 971 924 qui
1000 863 1034 905 se
1066 841 1228 904 defendere
1251 841 1369 921 possit,

186 963 264 1016 „uec
287 950 396 1007 terrem
419 947 504 1007 tueri.
549 945 585 1007 Et
608 949 748 1026 quoniam
771 949 924 1010 victoriam
947 949 1032 1010 nohis
1055 947 1200 1009 Dominus
1221 962 1276 1006 sua
1302 942 1369 1004 for·

185 1046 329 1122 „titudine
360 1049 397 1112 de
430 1050 511 1112 vobis
535 1049 701 1122 donaverit,
737 1051 824 1112 nichil
855 1052 980 1132 amplius
1010 1054 1065 1114 erit
1097 1068 1186 1131 quam
1207 1053 1241 1110 ut
1261 1052 1367 1109 terres

185 1159 317 1226 „vestras
351 1155 443 1215 libere
474 1156 627 1235 capiamus
659 1154 831 1217 torutudtne
863 1174 916 1217 sua
947 1163 978 1217 et
1006 1155 1164 1221 voluntate.
1207 1149 1367 1214 Aduuatio

183 1258 281 1331 „enim
304 1257 377 1336 legis
401 1258 635 1320 Christianorum
651 1258 701 1320 bis
719 1260 804 1322 uenit
827 1276 919 1340 super
948 1277 1005 1320 nos
1033 1261 1064 1320 in
1086 1257 1247 1338 Babylone.
1295 1253 1366 1314 Una

183 1361 268 1432 „vice
291 1359 370 1440 apud
392 1361 573 1432 Damialsm,
608 1371 638 1424 et
660 1363 751 1424 altera
773 1362 852 1444 apud
874 1361 1098 1435 Alexandriam,
1133 1367 1164 1423 et
1185 1365 1249 1422 erat
1270 1358 1366 1420 mari·

182 1466 272 1538 „tima
303 1462 469 1526 Jerusalem
493 1465 726 1538 Christianorum
758 1474 788 1527 et
819 1468 848 1527 in
882 1473 960 1528 terra
988 1466 1142 1538 Damasci,
1174 1470 1204 1526 ct
1226 1463 1257 1524 in
1280 1469 1365 1524 terra

183 1571 437 1641 „sarracenorum
467 1574 497 1632 iu
526 1570 650 1652 siugulis
680 1570 811 1632 castellis
833 1569 939 1650 singuli
961 1577 1045 1633 erant
1077 1568 1189 1630 domiui
1212 1565 1267 1629 sibi
1290 1582 1364 1644 pro·

182 1673 345 1744 „ficientes
373 1675 474 1736 Nostis
491 1675 615 1754 qualiter
631 1674 786 1738 Christiani
801 1682 926 1754 utraque
943 1686 1002 1736 (eor.
1020 1687 1039 1732 s.
1060 1675 1177 1736 retrioe
1193 1669 1361 1740 redierunt,

80 1801 83 1807 ·
184 1775 294 1849 „etad
319 1775 437 1857 qualem
461 1779 571 1839 exitum
593 1785 752 1850 venerunt,
785 1786 815 1841 et
837 1778 875 1839 he
898 1785 1004 1858 gentes
1026 1784 1129 1838 nostre
1151 1773 1264 1836 releote
1289 1778 1362 1833 sunt

182 1899 271 1953 „eum
289 1882 472 1961 regionibus
505 1883 582 1956 suis,
614 1889 644 1944 et
674 1881 757 1946 Deus
790 1881 927 1944 adunavit
955 1883 1094 1960 regiones
1127 1878 1297 1942 affluentius
1329 1882 1361 1938 et

182 1983 386 2056 „coadunavit
400 2003 453 2047 ees
474 1986 565 2066 longe
588 1985 706 2066 lateque
727 1989 757 2047 in
780 1992 928 2066 potestate
959 1991 1076 2056 nostra,
1109 1992 1140 2046 et
1160 1982 1359 2062 Babyloniam

182 2106 271 2161 „oum
286 2091 470 2169 pertinentiis
489 2092 569 2162 suis,
594 2098 624 2151 et
646 2095 757 2152 terram
779 2089 917 2150 Damasei
941 2095 970 2150 et
993 2089 1167 2150 maritimam
1188 2085 1357 2150 Jerusalem

182 2199 233 2265 „et
264 2199 373 2256 terram
408 2194 512 2256 Gesire
543 2202 573 2255 et
596 2194 717 2256 castella
747 2211 800 2256 suo
831 2201 861 2254 et
890 2199 1000 2254 terram
1030 2191 1138 2253 Roasie
1166 2206 1235 2252 cum
1268 2188 1357 2268 perti-

184 2299 312 2370 „nentiis
336 2300 407 2370 suis,
432 2306 462 2359 et
483 2315 537 2378 per
559 2300 679 2377 gratiam
702 2298 821 2360 Domini
844 2297 902 2358 hoc
925 2302 1020 2357 totum
1041 2297 1070 2356 in
1094 2293 1228 2356 manibus
1244 2292 1357 2354 nostris

181 2408 263 2474 ‚‚est,
286 2407 317 2463 et
338 2400 491 2464 residuum
517 2419 621 2482 regum
645 2403 878 2464 Sarracenorum
900 2405 1005 2462 nostro
1029 2405 1076 2460 est
1096 2397 1233 2479 imperio.
1277 2394 1355 2458 Nam

181 2507 226 2578 „si
248 2503 456 2567 mandaremus
479 2505 736 2567 excellentissimis
758 2505 880 2585 regibus.
898 2504 1149 2574 Sarracenorum,
1178 2516 1239 2560 non
1262 2504 1354 2560 retra·

95 2669 97 2674 .
181 2607 307 2680 „herent
329 2626 362 2670 se
386 2627 403 2669 a
430 2609 525 2670 nobis.
570 2610 659 2672 Etsi
690 2610 937 2671 submoneremus
964 2607 1127 2687 Calephum
1151 2603 1188 2666 de
1215 2601 1353 2674 Baldaeh,

182 2730 292 2792 „quem
315 2712 461 2775 Dominus
485 2715 593 2786 salvet,
612 2713 755 2800 ¹veniendi
777 2712 814 2774 od
837 2730 911 2782 nos,
943 2711 981 2772 de
1003 2711 1077 2773 sede
1100 2709 1211 2771 excelsi
1238 2707 1353 2786 imperii

181 2816 249 2886 „sui
272 2823 457 2894 assurgeret,
482 2825 512 2878 et
534 2819 646 2878 veniret
668 2819 699 2877 in
723 2817 861 2903 auxilium
884 2816 1059 2878 excellentie
1081 2820 1195 2876 nostre.
1239 2810 1274 2871 Et
1295 2828 1351 2872 nos

181 2917 381 2990 „obtinuimus
405 2937 459 2999 per
475 2914 746 2996 virtulemdomini
769 2927 799 2980 et
819 2919 982 2999 potentiam
1003 2917 1169 2980 Jerusalem
1192 2921 1223 2976 et
1244 2919 1350 2975 terram

164 3023 286 3100 ·,‚ejus‚
311 3031 342 3084 et
363 3033 520 3087 remanent
541 3027 571 3086 in
595 3025 730 3087 menibus
746 3023 979 3086 Christianorum
1002 3028 1062 3082 tres
1079 3021 1225 3085 ciuitates:
1246 3015 1348 3096 Tyrus,

182 3126 344 3206 ,‚Tripolis,
367 3134 397 3189 et
418 3126 592 3200 Antiochia,
616 3136 646 3189 et
669 3127 706 3190 de
729 3129 775 3188 his
799 3145 858 3188 uon
875 3131 921 3188 ost
937 3125 1016 3188 aliud
1031 3127 1087 3186 nisi
1111 3131 1144 3186 ut
1159 3127 1347 3202 occupentur.

182 3229 340 3303 „Attamen
366 3235 390 3293 si
413 3232 524 3294 bellum
554 3233 657 3303 vultis,
682 3239 710 3293 el
735 3233 759 3293 si
783 3231 921 3292 dominus
944 3229 1088 3300 voluerit,
1111 3233 1142 3288 ut
1166 3228 1204 3288 sit
1224 3243 1278 3304 per
1298 3241 1345 3285 vo·

181 3330 342 3406 „luntalem
382 3353 465 3397 suam
501 3336 581 3416 quod
616 3343 707 3398 totam
745 3343 854 3397 terram
884 3334 1116 3396 Christianorum
1153 3330 1345 3411 adquiramus,

180 3435 379 3510 „obviabimus
401 3458 457 3520 per
471 3442 609 3503 virtutem
625 3437 746 3513 domiui,
763 3441 839 3500 sicut
854 3439 998 3520 scripturn
1015 3443 1060 3498 est
1074 3437 1105 3496 iu
1119 3436 1222 3499 littoris
1237 3441 1343 3499 vestris.
1380 3453 1382 3458 ’

180 3543 311 3615 „Verum
334 3545 360 3604 si
380 3563 437 3606 nos
453 3543 490 3606 du
506 3546 585 3606 bono
601 3545 682 3624 pacis
697 3542 901 3624 requisieritis,
924 3540 1098 3612 mandabitis
1112 3541 1343 3620 procuratoribus

98 3686 100 3690 -
179 3648 322 3719 „istorum
344 3647 432 3710 trium
456 3648 590 3710 locorum
606 3647 818 3728 predictorum,
833 3654 866 3708 ut
881 3647 966 3708 uobis
982 3663 1017 3708 ea
1035 3647 1100 3708 sine
1115 3643 1341 3708 contradictione

170 3753 361 3832 „assignenh
376 3759 407 3814 et
420 3753 503 3814 robis
519 3760 652 3814 sanctam
668 3771 790 3815 erucem
804 3751 976 3824 reddemus,
999 3758 1030 3813 et
1043 3751 1231 3812 liberabimus
1245 3767 1340 3811 omnes

178 3856 330 3934 „captivos
353 3855 547 3929 christianos,
578 3859 629 3935 qui
652 3863 721 3918 sunt
750 3859 781 3918 in
803 3864 862 3918 tota
884 3864 963 3918 terra
987 3862 1104 3928 nostra,
1129 3860 1159 3917 et
1181 3854 1340 3916 habebimus

179 3975 304 4038 „pacem
328 3959 489 4032 vobiscum,
513 3967 544 4021 et
558 3961 766 4041 permittemus
781 3961 863 4022 vobis
878 3959 915 4022 ed
931 3960 1129 4040 Sepulchrum
1144 3976 1236 4019 unum
1252 3973 1339 4020 sacer·

179 4061 316 4135 ‚,dotem,
347 4070 377 4124 et
399 4061 560 4126 reddemus
584 4064 727 4147 abbatias,
759 4081 817 4142 que
841 4065 977 4127 solebant
999 4083 1067 4127 esse
1089 4067 1119 4127 in
1143 4071 1275 4145 tempore
1294 4085 1341 4146 pa·-

178 4167 338 4248 „ganismi,
361 4174 392 4229 et
412 4167 524 4234 bonum
548 4169 591 4228 eis
606 4167 765 4240 iaciemus,
789 4174 820 4228 et
833 4171 1039 4250 permittemus
1058 4170 1159 4230 venire
1174 4169 1336 4249 peregrinos
1384 4213 1387 4220 »

180 4272 229 4342 „in
260 4277 321 4332 tota
348 4272 406 4335 vita
434 4277 553 4343 nostra,
587 4277 618 4332 et
649 4271 830 4336 habebimus
852 4272 1005 4336 vobiscum
1035 4289 1151 4352 paoem.
1208 4267 1337 4342 Quodsi
