2886 4908
770 334 812 418 14

194 520 356 578 erexerant.
399 510 483 576 liano
505 510 565 574 ictu
580 510 730 592 phalarioe
746 530 820 594 gens
836 529 906 575 sera
922 511 1011 576 diruit
1033 519 1063 576 et
1081 531 1151 578 cum
1173 518 1238 599 ipsa
1253 523 1373 600 partem

192 621 269 682 muri
291 637 352 682 non
375 635 494 699 parvam
518 617 686 696 prosternit.
732 615 820 680 Cives
850 615 989 698 equidem
1019 637 1093 699 quas
1115 628 1244 702 possunt
1267 620 1372 684 delen·

192 725 294 784 siones
321 715 494 792 obitiunt;¹
527 717 582 780 sed
611 718 753 800 quicquid
781 727 942 800 temptatur
972 709 987 783 0
1012 725 1120 786 nostris
1144 725 1253 787 ellectu
1277 736 1372 800 caret,

190 827 359 910 proiectum
374 844 434 888 uon
449 825 567 896 invenit,
610 822 723 896 Arcus,
748 823 869 897 baliste,
891 827 1019 904 petrorio
1039 828 1180 894 inutiliter
1195 811 1370 904 tractentur,

190 933 294 1012 sicque
322 938 381 995 torn
405 943 487 992 arina
510 945 598 1009 quam
627 928 763 990 machine
791 931 866 992 iram
888 930 1007 994 Domini
1039 933 1196 998 manifeste
1219 939 1371 1008 nuntiant,

190 1041 220 1097 et
241 1025 321 1098 urbis
345 1033 491 1098 excidium
512 1033 715 1114 preloountur.
746 1031 818 1096 lbuc
834 1033 967 1115 undique
985 1039 1205 1118 quamplurimi
1228 1042 1370 1102 ecastris

187 1141 294 1202 uicinis
317 1138 535 1210 confluxerant,
566 1137 604 1200 de
628 1139 685 1200 loci
708 1139 813 1218 pocius
836 1140 996 1204 securitate
1020 1160 1107 1222 quam
1139 1142 1176 1204 de
1198 1145 1369 1206 munitione

134 1313 137 1318 Δ
188 1230 302 1306 confisi.
354 1242 417 1305 Sed
453 1245 482 1304 in
521 1248 600 1304 tanta
636 1243 792 1304 hominum
818 1242 1016 1305 multitudine
1043 1247 1098 1316 ,vix
1137 1253 1255 1329 septem
1292 1248 1369 1309 mili-

186 1352 233 1410 tes
263 1353 401 1428 poterant
428 1347 561 1408 inveniri.
607 1346 747 1409 Ceterum
779 1346 953 1424 secerdotes
982 1355 1012 1409 et
1034 1349 1151 1423 clerici,
1184 1369 1368 1431 quemquem

185 1453 365 1533 professioni
395 1468 450 1512 sue
472 1449 652 1523 indebitum,
681 1469 736 1531 pro
766 1458 902 1530 tempore
932 1457 1033 1514 tamen
1063 1452 1192 1515 officium
1220 1454 1367 1516 militandi

186 1559 357 1627 assumunt,
391 1560 422 1615 et
442 1573 498 1634 pro
522 1553 611 1618 domo
626 1555 756 1616 Domini
786 1562 909 1618 strenue
932 1554 1091 1629 dimicant,
1123 1557 1196 1620 illud
1223 1563 1365 1620 tenentes

184 1660 373 1731 memoriter,
396 1659 609 1738 0000111011
633 1658 782 1740 repellere
806 1677 911 1720 omnes
935 1659 1018 1738 leges
1041 1667 1072 1722 et
1095 1661 1193 1721 omnia
1213 1658 1280 1751 jure
1295 1679 1365 1740 per-

183 1763 310 1834 mittunt.
356 1763 468 1843 Vulgus
490 1781 563 1827 vero
585 1769 646 1825 tam
667 1764 805 1841 ignavum
835 1781 923 1843 quern
946 1762 1083 1842 pavidum
1106 1763 1143 1826 ad
1165 1765 1364 1844 patriarcham

184 1876 215 1930 et
236 1867 273 1930 ad
295 1869 445 1947 reginam,
468 1869 519 1950 qui
534 1876 605 1930 tunc
620 1869 684 1930 urbi
699 1874 847 1947 preerant,
872 1867 1044 1946 frequenter
1060 1869 1202 1938 recurrit,
1225 1866 1363 1930 flebiliter

183 1974 332 2052 queritur,
362 1974 507 2035 instanter
536 1971 701 2052 supplicat,
737 1977 769 2032 ut
792 1989 861 2030 cum
885 1969 1017 2034 Soldano
1048 1971 1086 2032 de
1114 1972 1187 2033 urbe
1216 1969 1361 2033 tradenda

182 2092 273 2158 quam
295 2077 385 2139 cicius
409 2078 604 2157 paciscantur.
650 2075 759 2137 Verum
782 2072 879 2136 llenda
902 2075 995 2153 megis
1011 2093 1098 2155 quam
1121 2073 1360 2138 commendanda

180 2181 279 2261 pactio
301 2179 469 2242 intercedit.
514 2179 589 2240 Nam
613 2177 723 2256 singuli
745 2178 847 2257 capitis
871 2179 916 2240 sui
939 2196 1066 2240 censum
1081 2177 1263 2258 dependunt
1310 2178 1360 2239 Vir

180 2283 303 2363 quidem
325 2285 469 2346 bizantios
492 2281 618 2355 decern,
649 2281 754 2343 mulier
791 2282 939 2362 quinque,
972 2282 1069 2344 intans
1092 2299 1201 2354 unum3
1225 2288 1256 2344 01
1278 2283 1357 2362 quis-

180 2389 248 2467 quis
275 2387 311 2468 ed
334 2387 512 2472 solvendum
537 2405 598 2448 non
624 2385 749 2455 suflicit,
773 2392 892 2448 tenetur
920 2387 1061 2466 captivus.
1108 2386 1158 2446 Sic
1173 2404 1254 2467 ergo
1283 2403 1356 2446 con-

177 2491 254 2569 tigit,
277 2497 310 2552 ut
332 2509 402 2552 oum
417 2493 566 2572 plerique,
589 2489 635 2554 rel
661 2487 698 2550 de
720 2489 809 2550 rebus
831 2490 975 2568 propriis,
998 2489 1045 2553 vel
1067 2488 1185 2551 aliunde
1208 2487 1356 2552 vindicato

178 2592 326 2667 subsidio,
349 2594 451 2656 salutis
473 2595 721 2674 suspensionem
737 2591 908 2666 dedissent,
929 2594 1123 2672 reliquorum,
1148 2594 1197 2672 qui
1220 2593 1285 2654 sine
1307 2610 1354 2653 10-

178 2696 335 2778 demptore
359 2699 586 2779 superfuerant,
622 2697 849 2777 quatuordecim
872 2697 950 2760 milia
978 2696 1084 2776 jugum
1115 2705 1260 2777 perpetue
1291 2713 1352 2757 ser·

174 2802 275 2865 1110110
305 2803 456 2864 subierint
509 2799 570 2863 illis
594 2805 698 2862 'autem
729 2802 780 2881 qui
808 2800 972 2864 libertatem
1003 2808 1152 2874 emerant,
1182 2801 1239 2861 hec
1269 2801 1351 2880 optio

174 2906 330 2986 proposita
352 2904 419 2976 iuit,
444 2914 476 2968 ut
490 2907 538 2968 vel
552 2905 739 2969 Antiochiam
762 2913 932 2987 pergerent,
956 2906 1001 2969 vel
1017 2905 1235 2978 Alexandriam,
1258 2911 1361 2966 trans·

172 3003 301 3070 iretsndi
316 3011 406 3088 310110
421 3008 489 3072 (1010
506 3009 667 3083 conductu,
682 3011 851 3088 migrarent.
882 3008 954 3070 Dies
968 3009 1036 3081 illa,
1061 3009 1125 3072 dies
1141 3027 1240 3071 amara
1255 3007 1348 3078 valde,

174 3128 234 3192 qua
248 3113 377 3193 populus
400 3115 468 3176 exul
490 3115 525 3176 ab
548 3114 676 3176 invicem
692 3112 834 3186 discedit,
856 3114 887 3173 in
903 3113 1019 3175 diverse
1035 3115 1146 3186 iturus,
1170 3112 1348 3192 urbemque

172 3222 235 3278 1001
264 3235 381 3280 sacram
412 3218 538 3290 deserit,
568 3219 673 3280 urbem
702 3235 779 3298 qne,
807 3217 928 3281 domina
955 3219 1086 3290 urbium,
1115 3219 1146 3278 in
1176 3216 1347 3280 servitutem

172 3319 334 3399 redigitur,
359 3323 462 3384 urbem
485 3341 563 3402 que,
586 3323 713 3384 liliorum
729 3321 895 3392 hereditas,
918 3321 1060 3402 allegenis
1082 3319 1230 3392 subditur,
1248 3338 1271 3394 0
1288 3337 1347 3382 ma·

172 3423 240 3486 licie
268 3422 460 3488 habitantium
488 3430 518 3488 in
550 3445 594 3488 ea.
640 3425 775 3488 Gloriosa
808 3411 909 3488 civitas
938 3425 1058 3486 Domini
1086 3422 1268 3496 Jerusalem,
1299 3424 1346 3485 ubi

172 3521 318 3590 Dominus
341 3547 461 3608 passus,
484 3530 534 3592 ubi
556 3527 707 3608 sepultus,
739 3527 788 3590 ubi
808 3527 931 3605 31011001
954 3529 1183 3590 resurrectionis
1207 3525 1345 3608 ostendit,

170 3629 250 3692 hosti
273 3632 374 3712 spurio
398 3633 552 3711 subjicitur
574 3629 742 3711 polluenda.
786 3631 850 3692 Nec
873 3638 920 3692 est
942 3631 1028 3693 dolor
1059 3633 1146 3721 sicut¹
1165 3629 1252 3715 dolor
1279 3631 1344 3702 iste,

170 3752 240 3808 cum
263 3735 303 3796 hii
327 3736 518 3816 sepulchrum
532 3735 720 3817 possideant,
745 3736 794 3814 qui
811 3735 960 3815 sepultum
982 3741 1199 3814 persecuntur,
1223 3752 1343 3794 crucem

168 3843 311 3910 teneant,
342 3841 392 3919 qui
415 3842 585 3904 orucitirum
608 3845 834 3920 contempnunt
878 3839 962 3902 Hanc
992 3846 1090 3902 autem
1114 3837 1342 3901 sacratissimam

169 3943 315 4006 ciuitatem
346 3945 463 4007 circiter
494 3947 653 4026 nonaginta
686 3953 716 4006 et
747 3963 800 4006 ser
830 3962 925 4007 annos
955 3962 1030 4024 gens
1064 3948 1166 4003 nostra
1197 3947 1341 4012 tenuerat,

168 4063 206 4108 ex
228 4064 288 4127 quo
309 4049 405 4128 ipsam
427 4051 535 4129 pariter
557 4067 626 4111 cum
651 4048 826 4120 Antiochia,
855 4049 1012 4110 victoriose
1039 4045 1270 4107 Christianorum
1296 4061 1340 4105 re·

168 4152 321 4229 cuperarit
348 4155 498 4234 potentia,
526 4171 608 4218 ¹curn
638 4171 705 4214 eam
736 4153 818 4240 prius
853 4151 979 4230 gentiles
1006 4136 1062 4233 per
1091 4165 1186 4209 annos
1217 4145 1339 4230 quadra·

166 4253 246 4332 ginta
268 4253 484 4332 possedissent.
528 4256 608 4320 Urbe
629 4254 759 4328 reddito,
782 4272 874 4336 preco
896 4255 970 4334 legis
985 4252 1185 4317 mahumetice
1208 4245 1338 4313 01010011·

172 4351 404 4367 ,ι--υ-ι

241 4391 365 4445 Ι1110011
383 4393 558 4458 objiciunt.
