2886 4908
754 311 822 380 111Ι

185 499 293 564 tantur,
307 491 336 552 id
352 509 386 553 sc
401 491 478 554 rotis
495 487 632 550 omnibus
647 493 787 567 expetere
803 489 925 560 asseri-t,
948 493 1027 549 utet
1049 486 1201 550 maleficus
1222 483 1271 548 illc
1296 489 1383 563 post

149 675 152 682 Ι
184 603 230 660 151
244 595 350 675 tlagitia
371 595 468 654 bonos
483 589 603 652 tandem
617 593 748 652 inveniat
763 593 878 663 551155,
901 597 931 652 51
952 593 1017 670 ipse
1033 596 1146 670 patrem
1161 589 1271 650 habere
1288 605 1384 646 mar·-

184 708 281 778 tyrem
296 704 452 760 ntcrcatnr.
482 695 648 776 llac'igitur
670 702 811 776 tyrannus
835 693 995 756 obtinendo
1013 694 1099 756 >urbis
1120 689 1266 770 deluslus]
1292 688 1382 750 fidu-

186 805 246 877 cia,
269 803 417 864 fortunam
440 801 497 862 alic
520 797 700 879 pertemptat
716 798 811 870 aditu,
835 806 865 859 et
881 799 948 877 quia
964 796 1111 860 nihilsrtc
1138 795 1268 876 perficit,
1294 791 1382 872 quid

147 911 149 915 ’
190 910 280 970 armis
303 907 397 969 valeat
417 905 576 984 superitur.
622 903 718 982 Tyrus
742 901 889 982 siquidem
911 904 940 962 in
964 900 1056 962 corde
1079 900 1168 962 maris
1185 902 1255 968 sita,
1279 895 1379 958 undi-

185 1031 245 1093 que
269 1013 393 1076 ambitur
415 1009 563 1078 menibus,
586 1013 617 1068 et
640 1007 756 1070 modica
779 1007 824 1068 sui
840 1013 932 1086 parte,
949 1023 1007 1083 qua
1023 1010 1116 1084 ponto
1132 1018 1193 1066 non
1208 998 1378 1070 clauditur,

185 1117 410 1179 muromunitur
420 1110 926 1191 multiplici,qua‚‹s01.⁷·r.rsuisotim
937 1107 1049 1170 1555555
1059 1094 1376 1186 regroucthesarum

186 1228 217 1284 ct
237 1219 420 1296 Carthaginis
444 1216 560 1296 peperit
576 1213 764 1285 conditores;
788 1214 854 1282 hcc,
877 1220 1020 1292 regnante
1035 1214 1064 1272 15
1080 1210 1173 1272 ludea
1189 1209 1376 1278 Salomone,

185 1327 308 1408 proprio
331 1341 402 1400 rege
425 1318 587 1399 gaudebat,
622 1324 732 1396 etque
755 1319 840 1396 regni
864 1317 910 1378 sui
932 1324 1003 1378 tunc
1026 1322 1115 1396 caput
1138 1313 1244 1383 extitit,
1268 1317 1375 1370 tractu

185 1429 330 1510 temporis
353 1443 446 1504 ragno
475 1421 723 1485 Jcrosolimorum
749 1421 779 1480 in
810 1427 927 1501 partem
958 1420 1117 1480 concessit..
1162 1416 1246 1478 llanc
1269 1413 1374 1474 hostis

190 1525 342 1614 cupidus*
362 1537 439 1591 terra
456 1529 590 1604 marique
605 1523 788 1603 aggreditur,
812 1530 840 1583 et
857 1525 1002 1584 introrsus
1024 1522 1102 1586 lasne
1125 1518 1262 1582 alilictam
1284 1518 1374 1580 varia

185 1639 359 1710 incursione
381 1633 510 1696 lacessit.
555 1629 692 1694 Crastina
721 1628 918 1688 lnnocentum
941 1627 1035 1695 festo,
1065 1643 1120 1686 seu
1142 1623 1265 1702 gloriosi
1286 1639 1373 1684 mar-

186 1745 259 1823 tyris
281 1740 395 1802 Thomc
407 1733 431 1809 ²,
455 1735 604 1796 celebrem
619 1734 700 1796 circs
715 1731 928 1793 nanciscuntur
943 1730 1105 1790 victoriam.
1139 1728 1222 1798 Nam,
1244 1726 1372 1788 illuces-

188 1854 276 1909 cente
299 1859 420 1912 aurora,
445 1857 521 1919 cum
537 1837 687 1900 naviculis·
702 1837 805 1916 paucis
829 1840 859 1896 et
887 1834 983 1912 parvis
1014 1833 1143 1911 egressi,
1175 1828 1371 1890 obsidionem

124 2003 127 2008 .
187 1952 277 2014 maris
299 1947 394 2010 navali
410 1959 581 2022 congressu
604 1939 776 2004 dissolvunt.
821 1938 962 1998 Ceterum
985 1935 1022 1996 ad
1039 1935 1136 2014 lugam
1151 1935 1369 2015 pociusquam

187 2058 225 2125 ad
254 2054 365 2115 bellum
397 2048 515 2131 prodire
548 2044 700 2116 videntur,
731 2043 845 2103 sensio
874 2034 969 2120 primo
998 2039 1112 2119 impetu
1140 2043 1203 2099 tots
1231 2036 1368 2097 hostiurn

189 2167 292 2234 classis
314 2162 353 2223 ita
374 2157 479 2218 virtute
503 2149 600 2210 diviua
621 2147 794 2218 succubuit,
816 2143 898 2224 quod
920 2162 988 2223 pars
1009 2142 1040 2204 ln
1063 2143 1167 2204 urbem
1191 2157 1259 2200 cum
1275 2139 1369 2200 remi·

187 2273 272 2355 gibus
294 2265 367 2346 ipsis
390 2255 559 2324 abducitur,
588 2269 657 2331 pars
679 2269 750 2312 vero
781 2247 884 2326 refuga
903 2247 1120 2316 ultrobarenis
1142 2242 1263 2305 illiditur
1283 2242 1365 2320 peri·

188 2385 262 2439 tura.
306 2365 458 2434 Gentiles,
481 2360 544 2420 viso
568 2355 663 2418 navali
691 2351 850 2424 conflictu,
885 2353 989 2412 urbem
1012 2348 1217 2411 defensoribus
1240 2361 1366 2407 vacuam

191 2495 260 2542 esse
294 2470 437 2538 credunt,
475 2469 505 2524 et
538 2479 620 2532 earu,
656 2458 693 2519 de
728 2457 849 2518 victoria
883 2456 974 2526 certi,
1015 2454 1148 2514 certatim
1180 2453 1365 2529 impugnant.

188 2583 254 2644 lam
276 2574 413 2655 menibus
436 2567 619 2649 applicantur
642 2564 739 2633 acies,
769 2567 801 2622 ct
822 2557 859 2622 ad
886 2574 1090 2618 conscensum
1109 2555 1251 2615 festinant
1273 2565 1365 2629 quam

187 2685 321 2767 plurimi,
345 2693 415 2740 cunr
437 2669 572 2735 Marchio
593 2674 694 2746 portas
717 2665 806 2747 pandi
828 2663 968 2745 percipit,
993 2677 1083 2739 quem
1098 2657 1184 2736 Ilugo
1207 2652 1363 2732 (1511515-

188 2789 277 2851 riadc·
293 2777 513 2846 cumfratribus
536 2774 614 2843 suis,
640 2778 669 2832 et
688 2769 744 2832 alio
761 2769 903 2830 comitatu
919 2773 1041 2826 strenuo
1057 2767 1213 2824 exeuntem
1230 2762 1361 2827 secutus,

188 2897 363 2956 innumeros
386 2901 451 2944 rara
471 2896 561 2940 manu
584 2876 755 2956 prosternit.
786 2869 994 2941 Salshadinus‚
1017 2868 1094 2928 iacta
1113 2864 1167 2926 sibi
1179 2861 1363 2924 ¹adversantia

191 2993 398 3074 conspiciens,
420 2984 557 3065 petrariis
579 2980 640 3042 suis
664 2977 824 3056 etgclcis,
848 2988 906 3054 quc
929 2973 1103 3053 superstites
1132 2967 1263 3037 lucrant,
1294 2966 1362 3044 igne

189 3096 227 3163 ad
257 3097 351 3176 ipsius
376 3091 543 3170 jussionem
578 3083 780 3160 consumptis,
814 3076 927 3140 recedit
954 3075 1095 3154 inglorius
1119 3078 1149 3134 et
1170 3069 1360 3136 Machomum

191 3207 345 3265 execratur
383 3193 516 3256 inlcstus.
576 3183 771 3248 Postmodum
811 3183 888 3241 eirca
916 3175 930 3213 ³
972 3177 1151 3258 principium
1186 3170 1276 3242 Maii,
1315 3188 1360 3230 rc-

189 3323 257 3386 gcm
281 3321 297 3364 a
319 3298 443 3364 vinculis
472 3296 590 3364 liberat,
623 3297 655 3350 et
675 3289 738 3350 lesa
754 3271 1031 3367 pactione,‚priori
1060 3294 1170 3342 novam
1199 3281 1229 3336 ct
1259 3274 1360 3336 duram

190 3405 392 3470 conditionem
415 3401 548 3480 imponit.
593 3395 645 3455 Est
665 3393 763 3472 insula
792 3407 851 3470 quc
873 3385 989 3448 Arados
1012 3382 1130 3453 dicitur,
1154 3379 1238 3458 cuijus
1262 3377 1359 3440 civitas

190 3505 396 3579 Antharados,
418 3503 505 3583 vulgo
527 3499 655 3563 Tortosa
677 3496 855 3557 nominetur.
878 3489 953 3551 'llic
976 3489 1006 3550 iu
1035 3501 1194 3548 occursum
1215 3481 1294 3560 regis
1315 3496 1360 3540 rc·

188 3692 421 3714 Μ

555 3809 588 3862 ΕΙ
606 3806 713 3862 55511115
731 3819 778 3874 que
796 3807 861 3856 meto

553 3897 590 3950 111
609 3895 660 3958 bijo
678 3895 726 3946 don
744 3891 825 3944 Pedrc
843 3888 946 3940 Alouso.
989 3939 990 3942 Ἴ

553 3985 660 4036 11155555
677 3997 716 4032 me
736 3981 765 4031 de
784 3976 867 4043 glorio
883 3974 948 4030 llenc

554 4071 605 4123 Por
622 4070 646 4120 el
662 4065 776 4132 155515,
796 4079 843 4132 que
861 4059 934 4112 nlabo

434 4217 437 4222 ,
552 4160 627 4230 Italic
643 4159 769 4210 'lorcuatc
787 4153 810 4204 el
827 4153 905 4204 bravo

554 4246 578 4298 Y
595 4246 701 4312 Espnrie
717 4243 830 4294 (immun
846 4239 873 4290 -el
890 4238 982 4288 15555.

264 4342 354 4398 ι(151.
376 4337 523 4406 cupidus.
541 4363 575 4374 —
593 4334 607 4368 ²
623 4333 686 4387 unt.
702 4328 830 4390 leonori.
842 4352 877 4364 -
894 4320 908 4356 ³
923 4323 985 4376 (1551.
1003 4314 1217 4376 5155551555.
