2886 4908
672 336 710 406 ll

86 517 262 596 declaravit
284 523 418 580 eventus.
464 513 610 579 Conllictu
632 511 766 575 nondum
788 514 878 584 inito,
899 528 969 604 curp
990 527 1052 572 non
1074 509 1164 588 longe
1187 506 1278 586 aTy·

84 625 223 686 beriade
245 622 406 700 hincinde
430 623 509 684 acies
531 619 759 700 produxissent,
787 617 936 679 conclusit
958 615 1104 677 Dominus
1125 614 1155 674 in
1178 609 1278 691 gladio

88 728 247 809 populum
270 745 373 798 suum,
403 733 433 786 et
455 724 649 787 hereditatem
679 739 763 784 suam
785 723 918 804 peccatis
941 720 1095 781 hominum
1117 719 1147 780 iu
1170 715 1278 778 cedem

87 829 220 892 tradidit
242 840 272 893 et
295 825 532 912 direptionem.¹
577 827 653 901 Quid
676 825 787 906 pluro?
825 825 888 887 Nec
910 831 999 886 tenor
1026 823 1186 904 propositi,
1219 837 1277 882 nec

88 937 165 1014 ipsa
195 933 307 998 doloris
337 933 470 1013 indulget
502 933 684 993 immensitas
715 928 752 991 ad
775 930 890 1008 singula
920 935 1023 990 trenos
1052 933 1161 1007 aptare.
1204 922 1275 997 Sed,

89 1045 133 1099 ut
148 1039 240 1101 multa
256 1041 358 1121 paucis
374 1036 564 1108 claudantur,
587 1042 633 1097 tot
653 1036 692 1094 ihi
707 1035 790 1105 cesi,
813 1040 857 1096 tot
865 1032 1031 1104 vulnerati,
1054 1037 1097 1092 tot
1113 1031 1142 1091 in
1159 1028 1277 1091 vinculo

92 1141 248 1220 conjecti,
280 1141 361 1222 quod
393 1141 428 1202 ad
451 1140 582 1202 hostiurn
610 1138 831 1202 miserationem
861 1155 935 1216 gens
964 1141 1064 1197 nostra
1099 1136 1278 1212 consumpte

94 1241 237 1324 deperiit.
281 1242 355 1306 lllud
377 1244 522 1307 vivificum
545 1243 697 1306 salutifere
720 1244 818 1304 crucis
841 1242 971 1322 lignum,
993 1243 1023 1302 in
1048 1257 1107 1319 quo
1129 1237 1276 1300 Dominus

94 1365 134 1409 ac
159 1347 342 1428 Redemptor
365 1355 468 1409 noster
489 1346 648 1428 pependit,
679 1348 709 1407 in
733 1345 818 1424 cujus
840 1345 972 1427 stipitem
995 1347 1062 1424 pius
1081 1343 1191 1404 Christi
1210 1357 1277 1405 san·

93 1453 168 1530 guis
196 1450 333 1522 delluxit,
362 1450 448 1528 quus
481 1451 599 1530 signum
627 1449 752 1512 adorant
781 1450 892 1530 angeli,
923 1455 1110 1512 venerantur
1128 1445 1276 1516 homiues,

95 1554 249 1617 demones
277 1561 492 1634 expavescunt,
524 1553 610 1632 cujus
638 1553 767 1635 presidio
790 1555 884 1616 nostri
907 1572 1028 1634 semper
1057 1555 1087 1612 in
1110 1550 1195 1612 hellis
1216 1549 1276 1612 ric'-

94 1667 183 1722 tures
207 1661 377 1731 extiterant,
401 1660 460 1721 heu
484 1677 564 1722 nunc
588 1661 622 1722 ab
646 1660 732 1720 hoste
756 1661 884 1739 eapitur,
909 1664 939 1720 et
959 1658 1053 1737 ipsius
1077 1655 1174 1716 crucis
1195 1652 1276 1716 baiu-

92 1763 210 1826 latores
226 1763 304 1836 duo,
328 1765 489 1844 episcopus
504 1763 709 1835 hecenensis,
734 1771 764 1824 et
779 1765 940 1844 episcopus
955 1763 1058 1824 Sancti
1068 1759 1202 1838 Georgii,
1224 1756 1274 1818 ille

94 1885 206 1940 cesus,
229 1869 285 1929 iste
301 1874 406 1948 coptus
421 1870 532 1948 pariter
546 1885 615 1930 cum
629 1867 693 1946 ipss
708 1868 923 1930 succumbunt!
961 1866 1045 1928 llunc
1062 1865 1183 1926 alteram
1206 1863 1285 1941 post·

96 1969 268 2033 Cosdroem
292 1989 396 2050 regem
411 1971 570 2033 Persarum
585 1989 656 2033 crux
679 1979 780 2033 saneta
795 1977 920 2052 propter
942 1969 1057 2032 scelera
1080 1973 1183 2028 nostra
1205 1981 1277 2026 eou-

94 2075 252 2138 tumeliam
281 2076 420 2154 pertulit,
453 2083 483 2137 et
512 2094 571 2156 que
594 2094 650 2138 nos
674 2094 690 2138 s
714 2079 806 2138 veteri
839 2075 1012 2157 captivitatis
1039 2073 1112 2152 jugo
1143 2069 1275 2141 absolvit,

94 2186 223 2260 propter
245 2197 300 2240 nos
324 2179 437 2260 captiva
459 2179 593 2251 ducitur,
624 2186 654 2241 ct
676 2180 836 2260 prophanis
865 2179 1018 2260 gentilium
1047 2175 1182 2237 manibus
1204 2157 1297 2234 con-v

95 2289 251 2347 trectntur.
282 2282 386 2344 Videat
399 2283 424 2343 si
439 2289 485 2344 est
498 2282 678 2361 intelligens,
698 2301 773 2364 quae
792 2285 830 2346 sit
843 2284 886 2346 irs
899 2283 1035 2354 Domini,
1056 2281 1150 2341 immo
1166 2281 1276 2357 quanta

96 2404 255 2450 servornm
278 2387 432 2466 iniquitas,
462 2403 531 2448 curn
553 2384 589 2448 nd
604 2399 690 2451 trote
703 2402 734 2452 r.)
750 2387 847 2449 crucis
863 2385 1028 2450 custodiam
1043 2383 1170 2464 gentiles
1187 2395 1275 2460 quam

95 2489 255 2552 Christiani
270 2493 368 2552 minus
391 2497 568 2571 reputentur
585 2492 705 2570 indigni.
750 2491 845 2554 Nichil
861 2509 937 2573 eque
952 2488 1115 2571 lugendum
1138 2493 1201 2548 etas
1224 2501 1275 2547 an·

95 2595 180 2674 tique
203 2595 340 2674 protulit,
369 2597 437 2674 quia
460 2611 517 2656 nec
539 2595 628 2657 archa
651 2594 784 2667 Domini,
808 2613 865 2657 nec
887 2613 975 2675 reges
997 2592 1160 2655 iudeorum
1184 2588 1275 2670 eapti·

93 2699 156 2761 vati
177 2701 270 2762 nostri
293 2715 395 2760 casum
411 2700 554 2777 temporis
570 2701 742 2778 equiparare
758 2701 892 2778 possint,
914 2702 947 2760 in
970 2717 1030 2778 quo
1054 2695 1185 2774 gloriose
1207 2707 1274 2754 cru-

95 2804 142 2863 cis
165 2820 217 2864 rex
238 2802 355 2864 ducitur
370 2803 570 2881 concaptivus.
616 2802 660 2863 De
682 2804 803 2882 captivis
826 2809 941 2876 autem,
966 2817 1094 2881 quorum
1116 2793 1273 2860 multitudo

94 2925 159 2967 non
182 2908 280 2968 minus
296 2904 429 2968 miranda
441 2895 536 2985 'qoam
551 2905 717 2968 miseranda
734 2907 840 2978 extitit,
864 2925 932 2988 pers
948 2924 1003 2987 pro
1020 2903 1139 2968 victoris
1155 2900 1272 2962 erhitrio

94 3016 265 3071 reservatur
287 3010 384 3081 illesa,
414 3015 530 3089 partem
553 3027 624 3071 vero
655 3017 714 3072 tam
738 3010 817 3072 lelici
840 3029 927 3091 quam
958 3012 1068 3072 iestino
1092 3003 1272 3088 compendio

96 3111 135 3174 nd
158 3113 257 3174 celum
280 3113 393 3192 gladius
417 3121 560 3176 mactator
581 3116 760 3177 transmittit.
805 3113 885 3176 lnter
907 3122 1026 3176 ceteros
1048 3114 1189 3193 princeps
1211 3105 1273 3169 dn-

94 3214 207 3278 tiochie
230 3215 409 3294 lieginaldus
433 3217 556 3278 Soldani
585 3219 794 3297 conspectibus
824 3225 1030 3298 presentatur,
1061 3217 1110 3276 cui
1139 3216 1272 3276 tirannus

94 3323 162 3400 ipse
185 3321 231 3384 vol
255 3321 385 3381 imorem
409 3338 497 3382 suum
520 3327 656 3393 secutus,
680 3322 727 3382 rel
747 3323 799 3386 viri
822 3324 892 3384 tanti
917 3321 1098 3382 excellencie
1123 3316 1272 3388 deserens,

95 3442 186 3486 manu
216 3425 336 3504 propria
364 3431 451 3503 caput
480 3426 636 3486 emeritum
665 3430 693 3486 et
722 3425 882 3505 longevum
912 3423 1043 3487 abscidit.
1085 3420 1271 3501 Templarios

96 3545 228 3608 quoque,
253 3533 401 3607 quotquot
422 3534 515 3601 erent,
539 3535 638 3608 preter
660 3531 832 3609 magistrum
847 3529 971 3602 milicie,
996 3527 1154 3607 decapitari
1176 3522 1273 3604 preci·

95 3631 198 3710 piens,
219 3630 302 3709 ipsos
325 3632 456 3710 stirpitus
473 3632 667 3693 exterminare
684 3635 798 3706 statuit,
823 3651 899 3714 quos
921 3635 951 3694 in
973 3633 1052 3694 hello
1076 3631 1183 3692 ceteris
1206 3643 1269 3688 om·

96 3733 181 3794 nihus
197 3741 319 3797 noverat
336 3734 498 3816 prevalere.
538 3733 663 3798 Onelus
678 3735 762 3797 lideil
786 3738 918 3799 olervor
934 3737 1038 3807 animi,
1063 3751 1151 3815 quam
1168 3732 1270 3812 plures

95 3843 244 3917 assumpta
272 3837 494 3918 templariorum
521 3845 659 3913 tonsum,
694 3843 825 3903 certatim
855 3839 892 3904 ad
922 3840 1076 3903 carnifices
1105 3835 1269 3907 eonlluunt,

97 3947 127 4003 et
149 3941 203 4002 suh
226 3942 275 4021 pic
298 3959 374 4002 nove
397 3943 592 4021 professionis
608 3943 758 4008 mendatio
781 3945 871 4008 letam
889 3945 1058 4006 ferientium
1080 3939 1183 4023 gladiis
1206 3959 1270 4002 cer-

96 4045 192 4106 vicem
208 4042 391 4124 dependunt.
420 4043 483 4107 llos
498 4047 575 4108 inter
584 4047 691 4110 Christi
706 4049 815 4111 milites
827 4049 999 4131 templarius
1013 4046 1131 4129 quidum
1147 4045 1269 4108 nomine

96 4146 257 4209 Nieholaus
287 4149 324 4209 ita
348 4150 458 4210 ceteris
487 4147 641 4212 subeunde
664 4153 768 4213 mortis
791 4170 925 4216 amorem
948 4156 1155 4232 persuaserat,
1188 4145 1269 4229 quod

170 4372 178 4406 ¹
196 4387 213 4422 s
230 4372 255 4424 o.
273 4371 331 4424 inde
347 4371 410 4424 lius
426 4372 489 4426 Julll
507 4374 576 4427 1187
593 4373 675 4427 triduo
692 4379 829 4442 pugnatam
847 4379 896 4427 est
