2886 4908
677 287 719 360 19

94 473 214 532 nutum
232 463 245 506 ¹
266 466 484 542 succederent,
508 466 636 530 alatione
658 466 791 530 fastuosa
817 466 990 542 lasciviens,
1012 467 1113 548 tegern
1133 467 1285 538 Mamerci

94 573 342 653 magnificentius
366 569 484 644 extulit,
508 578 539 634 ct
561 589 628 634 cam
651 571 808 634 christiane
830 571 968 651 religioni
993 574 1158 652 precellere
1181 593 1284 638 rerum

96 675 259 759 gestarum
294 678 435 758 prebebat
463 682 583 740 euentu.
635 673 727 753 Cujus
749 675 947 756 superbientis
979 676 1116 756 gloriam,
1147 695 1216 740 cum
1249 697 1283 740 ac

98 784 202 845 victor
225 799 327 844 coram
342 763 520 844 christicolis
533 779 711 842 insolentius
723 777 887 855 jactitaret,
910 779 1009 842 fatuus
1023 779 1145 860 qnidam
1160 788 1283 863 propter

99 886 296 949 dicacitatem
318 887 376 967 ipsi
407 902 468 947 uon
496 885 683 964 incognitus,
714 882 842 944 Domino
876 881 997 963 quidem
1023 885 1202 964 inspirante,
1233 886 1284 948 tali

98 1007 254 1071 responso
278 987 396 1050 delusit.
443 987 560 1060 „Deus,
583 985 714 1050 bdelium
736 993 840 1069 pater,
868 984 1076 1067 delinquentes
1099 987 1283 1054 christicolas

103 1089 335 1174 „corripiendos
357 1098 388 1153 et
409 1089 601 1170 conigendos
629 1090 783 1163 iudicans,
814 1097 845 1151 te
874 1090 1057 1162 ministrum,
1089 1093 1282 1174 opn‘nceps,
1343 1164 1346 1169 ,

102 1200 156 1271 „iu
180 1197 238 1258 boc
261 1197 436 1276 assumpsit,
459 1197 537 1257 sicut
559 1194 685 1256 carnaiis
706 1200 800 1274 pater,
822 1195 865 1256 ira
886 1211 1101 1274 nonuunquam
1124 1212 1281 1270 accensus,

102 1299 266 1373 „baculum
288 1297 477 1362 immundum
492 1317 510 1360 e
526 1297 587 1359 luto
610 1298 743 1378 corripit,
766 1313 827 1377 quo
845 1315 914 1358 curn
928 1296 1004 1359 lilios
1020 1296 1201 1362 excedentes
1217 1301 1281 1381 pnl-

102 1405 250 1478 „sarerit,
278 1401 410 1466 eundem
446 1420 551 1465 rursus
580 1404 610 1463 in
641 1401 869 1480 sterquilinium,
898 1399 978 1462 nude
1008 1409 1179 1482 assumptus
1207 1411 1280 1479 erat,

103 1507 301 1590 „demergit.“

190 1610 272 1674 Talia
299 1610 372 1674 dum
405 1608 485 1691 apud
512 1609 692 1672 Palestiuam
725 1615 867 1688 aguntur,
900 1609 1141 1690 archiepiscopus
1163 1607 1281 1692 Tyrt,²

99 1719 170 1781 navi
192 1714 400 1798 cou[a]ceusa,
433 1720 515 1777 tante
538 1713 631 1777 cladis
653 1715 789 1777 nuntium
815 1713 878 1791 janu
900 1711 938 1774 cd
960 1712 1063 1774 orbem
1088 1714 1279 1780 christianum

99 1821 268 1894 detulerat,
292 1815 329 1882 et¹
344 1826 424 1881 terre
446 1824 508 1881 tam
529 1817 648 1880 modice
670 1818 779 1882 vulnus
801 1818 890 1879 terris
911 1816 1049 1878 omnibus
1073 1818 1170 1880 intulit
1191 1811 1280 1882 lesio·

97 1944 183 1989 nem.
225 1926 315 1988 Fama
337 1941 440 1988 rerunt
462 1921 498 1985 ad
514 1939 603 1984 aures
619 1922 789 2005 principum
801 1919 905 2000 illapsa
918 1919 1064 1993 decurrit,
1087 1926 1118 1982 et
1132 1922 1278 1986 universis

97 2029 236 2094 fidelibus
258 2027 453 2091 hereditatem
477 2025 623 2089 Cbn'sti'a
650 2025 787 2104 gentibus
808 2029 985 2105 occupatam
1007 2026 1164 2098 nuntians,
1187 2044 1278 2105 quos·

99 2133 173 2197 dam
201 2131 239 2196 ad
270 2133 406 2196 lacrimas
439 2131 586 2201 concitat,
619 2129 691 2192 alica
722 2127 758 2189 ad
779 2125 940 2190 vindictam
972 2125 1118 2190 accendit.
1161 2129 1278 2193 Primus

97 2239 235 2300 omnium
250 2237 454 2318 magnanimus
464 2233 590 2298 Pictavie
602 2233 722 2304 Comes,
738 2228 894 2304 lticardua,
911 2231 950 2294 cb
962 2230 1167 2294 ulciscendam
1178 2235 1277 2296 crucis

96 2339 238 2420 iujuriam
270 2358 360 2402 cruce
390 2339 563 2419 insignitur,
597 2342 629 2399 et
650 2351 757 2397 omues
780 2331 915 2415 precedit
945 2333 1043 2406 lecto,
1077 2353 1153 2414 quoa
1174 2337 1277 2401 inritat

96 2443 248 2525 exemplo.
293 2443 379 2506 Pater
401 2441 467 2519 eius
490 2459 540 2503 rer
562 2429 726 2519 Anglorum
746 2436 809 2516 jnm
831 2437 971 2518 vergebat
992 2439 1022 2500 in
1044 2439 1180 2511 scnium,
1209 2442 1275 2521 ipsc

95 2557 201 2613 tamcu
225 2555 256 2610 et
278 2551 368 2630 patris
391 2549 529 2610 canitiem
552 2552 583 2607 et
604 2546 689 2624 regui
708 2543 758 2622 jus
781 2543 837 2604 sibi
860 2541 993 2606 debitum
1015 2548 1045 2603 et
1066 2543 1179 2606 itineris
1202 2546 1277 2608 tanti

96 2648 314 2714 difficultatas⁸
336 2651 516 2722 dissimulat,
539 2665 597 2711 nec
619 2648 687 2710 ultis
710 2647 917 2710 occasionibus
940 2663 957 2707 a
980 2651 1069 2724 cepto
1102 2642 1275 2710 declinabat.

95 2755 183 2818 lianc
213 2755 267 2819 riri
296 2753 496 2836 constantiam
523 2752 669 2814 Dominus
698 2733 957 2832 [remunerandam
991 2747 1149 2827 judicans,
1184 2768 1275 2831 quem

93 2859 227 2939 primurn
249 2857 373 2920 aliorum
388 2858 521 2918 omnium
535 2857 721 2916 incentorem
735 2853 841 2933 elegit,
865 2871 947 2924 eum,
962 2853 1071 2921 ceteris
1083 2854 1274 2934 principibus,

95 2961 146 3024 rel
167 2962 329 3039 regressis,
366 2958 412 3021 vei
434 2958 601 3031 defunctis,
635 2960 747 3037 negotii
775 2960 821 3020 aui
853 2965 1047 3020 executorem
1075 2955 1275 3025 reservarit⁴

94 3065 171 3127 Post
192 3064 373 3143 aliquantum
394 3069 514 3143 tempus
546 3080 597 3124 rex
618 3062 800 3126 Francorum
829 3062 996 3143 Philippus,
1028 3067 1061 3123 ct
1089 3080 1142 3124 rex
1167 3061 1274 3142 buglis

96 3165 262 3238 Heurtcns,
286 3165 365 3246 apud
389 3165 557 3229 Gicorcium
580 3168 787 3239 crucinautur,
810 3185 888 3247 quos
909 3167 1064 3247 utriusque
1087 3167 1172 3245 regui
1192 3167 1273 3246 priu-

97 3271 183 3351 cipes
218 3277 248 3333 et
276 3272 424 3332 innumeri
458 3276 519 3333 tam
548 3270 752 3332 ecclesiastice
784 3288 874 3350 quam
906 3269 1050 3332 secularis
1079 3270 1190 3331 milicie
1219 3271 1273 3334 riri

95 3379 169 3434 voto
190 3374 300 3454 pariter
322 3380 352 3434 et
374 3373 484 3435 ellectu
508 3379 682 3453 sequuntur.
726 3372 760 3433 in
781 3378 895 3435 tautum
927 3390 1001 3436 vero
1033 3389 1109 3434 nore
1139 3374 1272 3453 peregri·

95 3476 229 3539 nationis
246 3476 379 3542 terrebat
401 3476 548 3550 studium,
581 3483 613 3539 ut
630 3475 692 3554 jam
716 3494 778 3537 non
800 3483 883 3538 esset
904 3477 1038 3556 questio,
1052 3458 1127 3558 'quis
1149 3493 1272 3539 crucam

97 3581 281 3662 susciperet,
304 3579 358 3642 sed
381 3583 447 3660 quis
469 3579 605 3642 nondum
627 3581 821 3659 suscepisset.
865 3579 1003 3662 Plerique
1019 3579 1121 3642 colum
1136 3589 1272 3661 etpensa

97 3685 153 3747 sibi
173 3689 277 3746 mutuo
300 3685 551 3757 transmittebant,
583 3691 616 3746 ut
638 3683 675 3746 ad
698 3683 859 3745 muliebres
890 3701 999 3764 operas
1031 3685 1157 3764 turpiter
1179 3683 1271 3746 derni-

96 3795 195 3870 graret
216 3788 352 3868 quisquis
374 3787 462 3866 bujus
486 3787 588 3849 militie
609 3789 792 3849 inveniretur
813 3788 953 3852 inmunis.
997 3785 1047 3850 Ad
1067 3795 1128 3850 tam
1152 3791 1270 3869 insigne

96 3899 248 3954 certamen
271 3899 303 3954 et
325 3888 447 3973 uupte⁵
470 3895 564 3964 viros,
588 3899 618 3953 et
641 3897 751 3954 matres
773 3890 934 3952 incitabant
948 3890 1024 3956 iiiios
1040 3893 1167 3972 quibus,
1184 3892 1270 3956 dolor

95 3995 203 4058 unicus
226 4001 307 4068 erat,
329 4002 452 4078 propter
474 4013 563 4060 senus
577 3996 723 4076 ignauiam
738 3988 976 4074 ccnpmnciscil
998 4012 1059 4058 nou
1074 4013 1176 4076 posse.
1204 3998 1269 4062 liae

106 4098 262 4106 ——,

168 4145 278 4210 [Codex
303 4149 390 4201 babet:
423 4155 568 4217 nuptum.
594 4177 627 4187 —
650 4113 964 4214 mitissimumque,
995 4163 1126 4203 aencorum
1146 4152 1268 4208 bellorum

94 4235 212 4302 scriptor.
226 4235 263 4274 -'
286 4232 371 4294 ’dod
396 4235 657 4290 ditttcultcutea.
676 4267 707 4278 -
736 4233 749 4268 ⁴
767 4235 827 4288 cod.
852 4238 1093 4293 reservaverit.
1112 4265 1144 4279 -
1173 4239 1265 4295 coer.

95 4323 217 4393 nuptia.
236 4351 269 4366 ·-
287 4322 379 4376 ‘'cod.
403 4325 623 4392 conprodiaai.
