2886 4908
663 278 705 347 21

184 452 247 526 „lili
261 455 325 535 regi
337 457 456 518 sincero
473 455 577 528 amico,
593 472 712 535 magno,
727 454 859 526 excelso,
875 451 1045 528 Fredericm
1060 454 1272 538 regidieman·

89 559 175 628 „nia
217 543 253 620 ¹in
275 561 396 620 nomine
427 559 545 621 Domini
577 560 764 631 miserentis,
795 575 851 638 per
883 560 1006 639 gratiam
1035 560 1155 623 Domini
1182 562 1272 624 unius

90 664 268 740 „potentis,
302 663 508 742 exuperantia,
541 663 679 734 uictoris,
710 661 891 743 perhennis,
928 659 1016 739 onius
1035 663 1120 744 regni
1141 681 1204 725 non
1226 669 1273 726 est

92 766 194 836 „tinia
239 766 344 830 Grates
368 769 395 828 ei
418 768 532 846 agimus
555 767 743 848 perhennes,
772 764 858 843 cujus
879 767 971 845 gratia
994 773 1040 828 cst
1063 783 1154 848 super
1175 772 1272 830 toturn

91 867 274 940 „mundum
317 869 521 948 deprecamur
544 888 631 943 enm,
661 877 693 932 ut
713 869 852 933 intendat
879 871 1044 932 orationem
1073 887 1158 933 suam
1180 887 1273 951 super

92 972 280 1054 „prophetas
311 991 383 1035 suos
406 980 436 1035 ct
461 977 587 1036 maxime
611 991 704 1053 super
724 975 935 1036 instructorem
957 979 1111 1046 nostrum,
1134 975 1273 1038 nundum

93 1095 225 1149 „suum,
247 1075 422 1139 Mahumeth
445 1077 635 1158 prophetam,
671 1095 761 1157 quern
794 1078 873 1139 misit
894 1095 950 1158 pro
972 1078 1160 1140 contentione
1188 1083 1273 1140 recte

91 1181 212 1260 Aegis,
236 1198 325 1259 quarn
346 1180 435 1242 faciet
458 1198 600 1262 apparere
624 1198 716 1262 super
739 1186 861 1244 ermctas
877 1180 969 1259 leges.
1012 1179 1151 1245 Attamen
1167 1187 1272 1244 notum

92 1285 243 1355 „facimus
276 1285 339 1363 regi
377 1285 511 1357 sincero,
545 1285 674 1363 potenti,
705 1301 829 1365 magno,
870 1286 987 1356 amico,
1027 1284 1173 1347 anricabiii
1207 1285 1272 1365 regi

91 1387 310 1460 „Alemannie,
335 1389 415 1468 quod
437 1388 557 1470 qnidam
579 1389 688 1462 bomo,
710 1387 857 1450 Henricus
881 1391 1020 1461 nominc,
1043 1389 1123 1452 venit
1145 1386 1182 1450 ad
1204 1406 1273 1460 uos,

93 1490 239 1565 „dicens,
263 1509 297 1553 se
318 1494 462 1554 nuncium
483 1498 616 1556 restrum
640 1509 724 1563 esse,
754 1498 781 1552 et
805 1490 909 1553 detulit
931 1492 1016 1554 nobis
1040 1491 1187 1572 quandam
1209 1508 1274 1554 car·

93 1601 188 1667 „tam,
211 1613 300 1675 quam
324 1594 393 1656 dixit
416 1601 645 1658 essecestram.
690 1595 752 1656 Nos
774 1595 834 1674 legi
855 1595 981 1658 fecimus
1005 1603 1116 1658 cartam
1139 1604 1169 1658 et
1190 1595 1273 1658 audi·

93 1700 215 1770 „vimus
238 1717 308 1762 enm
330 1701 392 1762 viva
414 1694 492 1786 voce
513 1701 706 1780 loquentem,
731 1708 761 1761 et
781 1700 878 1764 verbis
901 1717 960 1781 que
984 1719 1036 1762 ore
1060 1698 1144 1773 dixit,
1175 1700 1272 1764 verbis

95 1800 348 1881 „respondimus,
372 1802 426 1864 sed
449 1802 508 1863 hoc
532 1810 578 1864 est
599 1820 781 1883 responsum
804 1811 895 1866 carto.
940 1802 1029 1878 Quod
1051 1806 1076 1866 si
1095 1805 1273 1884 computatis

93 1921 172 1976 „cos
194 1907 246 1984 qni
267 1905 420 1968 vobiscum
444 1905 629 1968 concordant
659 1905 796 1968 veniendi
825 1925 917 1988 super
946 1925 1021 1978 nos,
1054 1915 1084 1970 ct
1111 1907 1271 1972 nominaris

94 2025 173 2078 „eos
196 2015 226 2069 ct
249 2007 357 2070 dicitis:
395 2027 448 2071 rex
470 2010 537 2072 tatis
558 2015 653 2082 terre,
689 2016 720 2072 'et
751 2027 803 2071 rer
834 2011 958 2074 alterius
988 2018 1083 2084 terra,
1113 2015 1145 2072 ct
1167 2027 1271 2076 cornea

93 2109 193 2184 „talis
217 2118 247 2173 et
269 2112 345 2174 tales
367 2111 597 2194 archiepiscopi,
631 2118 662 2174 et
684 2113 888 2186 marchiones,
911 2120 942 2175 et
963 2114 1087 2188 milites,
1112 2121 1142 2177 et
1164 2114 1190 2176 si
1211 2130 1271 2178 nos

94 2214 263 2284 „vellemus
287 2219 441 2278 enuntiare
464 2234 520 2278 ens
552 2219 603 2296 qni
630 2225 700 2278 suut
729 2219 759 2279 iu
781 2223 886 2280 nostro
909 2217 1046 2290 servitio,
1078 2224 1108 2280 ct
1130 2218 1272 2297 quisunt
1308 2225 1310 2234 “

91 2320 303 2392 „intendentes
326 2328 430 2384 nostro
454 2329 615 2402 precepto,
646 2329 676 2383 et
705 2323 815 2402 promti
843 2329 948 2384 nostro
978 2323 1122 2392 sermoni,
1157 2325 1187 2381 et
1220 2321 1272 2400 qni

96 2422 294 2494 „dimicarent
331 2443 434 2488 coram
466 2427 577 2488 nostris
606 2427 758 2499 manibus,
791 2444 854 2487 non
884 2433 989 2507 posset
1021 2425 1078 2486 hoc
1100 2426 1130 2485 in
1153 2423 1271 2502 scriptis

98 2527 222 2608 „redigi
275 2528 311 2590 Et
344 2531 368 2590 si
392 2530 627 2592 Christianorum
659 2531 837 2610 computatis
867 2529 1007 2600 nomina,
1037 2529 1272 2591 sarracenorum

98 2636 189 2701 „sunt
211 2631 295 2712 plura
318 2639 349 2694 et
370 2633 456 2712 plura
478 2632 695 2696 habundantius
711 2651 799 2714 quam
816 2632 1058 2695 Christianorum.
1103 2630 1139 2692 Et
1154 2631 1179 2692 si
1194 2631 1272 2693 iuter

96 2751 174 2804 „nos
190 2741 220 2796 ct
236 2753 289 2798 cos
306 2754 382 2815 quos
399 2737 574 2799 nominastis
590 2737 773 2800 Christianos
789 2755 871 2799 mare
893 2742 955 2807 cst;
977 2736 1055 2798 inter
1077 2734 1271 2806 Sarracenos,

96 2840 169 2918 „qui
191 2858 254 2902 non
276 2849 404 2921 possunt
426 2843 573 2914 estimari,
609 2860 669 2903 non
705 2849 750 2903 est
784 2859 866 2914 mare
888 2842 965 2902 inter
988 2855 1042 2900 eos
1065 2845 1095 2899 et
1117 2855 1189 2909 nos,
1212 2853 1270 2898 uec

96 2941 209 3012 „ulium
230 2942 475 3024 impedimentum
498 2944 637 3006 veniendi
668 2944 706 3007 ad
734 2942 832 3008 nos.¹
875 2945 912 3007 Et
941 2944 1098 3005 uobiscum
1127 2941 1271 3003 hahentur

97 3044 256 3120 „Bedvini‚
281 3067 357 3127 quos
381 3050 406 3110 si
426 3067 647 3129 opponeremus
668 3050 795 3112 inimicis
811 3050 930 3121 nostris,
947 3047 1134 3117 suiiioercnt,
1157 3041 1270 3106 Turire-

96 3152 231 3223 „manni,
266 3169 343 3231 quos
373 3153 398 3212 ai
428 3151 650 3217 effunderemus
680 3171 772 3234 snper
794 3154 897 3215 hostes
920 3157 1058 3220 nostros,
1082 3147 1272 3210 destruerent

98 3273 189 3326 „eos,
213 3262 243 3316 et
257 3256 358 3316 rustici
373 3257 482 3329 nostri,
500 3260 552 3336 qui
563 3257 736 3319 dimicarent
752 3264 894 3328 stronue,
917 3257 942 3318 si
954 3253 1144 3331 juberemus,
1166 3257 1272 3314 contra

98 3364 222 3437 „gentes
244 3376 303 3437 que
326 3365 450 3420 venture
481 3368 552 3422 sunt
581 3379 672 3441 super
704 3369 811 3424 terram
835 3365 970 3422 nostram
993 3365 1024 3419 et
1046 3357 1211 3420 ditarentur
1233 3353 1271 3418 de

98 3462 179 3533 „eis,
203 3468 233 3523 et
255 3465 487 3525 exterminarent
509 3481 570 3524 eas.
614 3465 651 3526 Et
672 3462 850 3544 quomodo?
873 3463 935 3524 Nos
958 3459 1271 3524 habemusnobiscum

99 3562 265 3635 ,soldurios
287 3563 456 3638 bellicosos,
478 3584 533 3646 par
557 3585 633 3647 qnos
656 3574 765 3630 terram
789 3574 921 3647 apertam
950 3567 1094 3630 babemus
1117 3571 1147 3626 et
1169 3563 1272 3642 adqui-

99 3669 217 3741 „suam
246 3674 276 3729 et
298 3676 481 3748 expugnatos
503 3671 649 3732 inimicos.
692 3670 729 3732 ut
751 3670 791 3732 hii
813 3677 844 3732 et
866 3688 973 3734 ornnes
995 3689 1083 3750 reges
1106 3668 1270 3750 paganismi

99 3788 174 3844 ,nec
197 3767 352 3834 tardabunt
383 3790 454 3834 curn
484 3791 538 3835 eos
562 3775 842 3846 submonuerimus,
875 3791 934 3835 nec
958 3773 1169 3844 morabuntur,
1199 3787 1270 3834 oum
1292 3789 1309 3808 -·

99 3889 172 3944 „eos
194 3875 418 3948 vocaverimus,
452 3881 483 3936 et
512 3894 566 3940 ros
599 3878 772 3956 congregati
802 3875 933 3948 fueritis,
966 3877 1045 3938 sieut
1066 3883 1148 3937 carta
1170 3881 1270 3938 restra

99 3977 202 4048 ,dicit,
226 3984 256 4039 et
279 3975 404 4050 ducetis,
427 3978 504 4041 sicut
525 3981 646 4042 nuntius
670 3986 769 4042 vester
785 3985 893 4050 narrat,
916 3978 1096 4043 obviabimus
1118 3978 1200 4040 vobis
1214 3994 1270 4058 per

98 4143 238 4154 ...ιι-..ι-
255 4146 261 4150 -
315 4145 320 4150 .

165 4237 175 4271 ¹
192 4239 291 4292 Sensus
309 4244 365 4292 estc
383 4239 407 4292 si
424 4255 495 4294 mare
513 4244 552 4292 est
568 4240 634 4292 inter
646 4239 807 4292 Christianos
825 4243 851 4292 et
868 4239 1036 4306 semerom,
1053 4237 1202 4304 audomari,
1220 4249 1268 4292 nce

97 4329 267 4396 impedimento
284 4329 392 4384 inuram
409 4331 554 4384 dividuntur
569 4327 717 4382 sarrraceni.
