2886 4908
758 314 779 381 6

183 496 352 578 suppleret,
368 513 423 568 ne,
445 494 518 575 ipsis
533 491 722 564 mortalibus,
739 510 845 554 eorum
860 496 1119 555 commorerentur
1133 493 1265 556 virtutes.
1301 492 1372 554 Ro·

183 603 369 673 munirem,
393 599 558 661 Grecorum
581 597 685 670 emuli,
718 602 896 676 perpetuum
915 592 926 631 ¹
955 597 992 658 de
1014 598 1128 662 virtutis
1150 596 1274 659 obtentu
1299 615 1372 658 non

182 704 280 766 solum
304 703 361 766 stili
383 707 611 781 assumpserunt
634 699 779 772 cilinium,
803 698 858 761 sed
873 707 903 762 et
918 705 1028 763 statuas
1051 698 1242 778 adJecerunt3
1266 703 1370 762 etsie

182 813 242 870 tam
254 803 630 886 veteresrepresentando,¹
639 802 926 884 quamprprocando
935 812 1085 884 posteros,
1095 806 1209 870 virtutis
1221 822 1370 866 amorem

182 917 244 974 tum
267 930 322 992 per
338 911 460 983 oculos,
483 901 547 971 tum
563 927 616 988 per
632 927 740 981 adress·
758 907 796 978 ad
809 910 951 974 brienum
966 908 1166 988 multipliciter
1182 905 1368 979 demissum,

181 1017 356 1079 imitantium
378 1014 525 1075 mentibus
548 1012 660 1074 llrmins
682 1015 908 1095 impresserunt.
953 1011 1027 1086 Quis
1049 1015 1105 1074 lter
1119 1011 1252 1084 insonis,
1276 1010 1366 1073 labo-

181 1117 407 1188 mulierculis,
430 1115 589 1178 Alexandri
609 1117 747 1196 gloriam,
771 1117 888 1178 Cesaris
910 1119 1048 1181 victorias
1070 1124 1191 1188 nosset,
1215 1117 1240 1178 si
1263 1117 1366 1197 scrip·

182 1229 281 1285 torum
302 1221 446 1282 beneficia
465 1218 653 1281 defuissent?
675 1219 712 1281 Et
726 1227 758 1282 ut
781 1227 952 1281 sanctornm
967 1201 1093 1302 'patrum
1115 1228 1233 1282 utamur
1256 1237 1366 1280 exem-

180 1325 254 1404 plis,
278 1343 336 1386 uec
358 1323 413 1384 lob
437 1325 600 1404 pacientia,
631 1339 688 1384 nec
711 1322 858 1385 Abrabam
881 1323 1056 1397 liberalitas,
1079 1341 1135 1386 nec
1157 1323 1250 1386 liarid
1273 1341 1363 1385 man·

182 1426 308 1489 suetudo
333 1427 468 1488 fidelibus
491 1427 621 1506 posteris
644 1426 681 1487 ad
705 1427 873 1506 exemplum
889 1423 1015 1500 vireret,
1039 1430 1064 1489 si
1079 1429 1202 1490 conseia
1223 1428 1363 1489 veritatis

180 1533 337 1612 antiquitas
353 1529 510 1610 legendam
526 1530 612 1590 nobis
629 1529 779 1600 historiam
795 1549 857 1592 non
874 1532 1052 1610 reliquisset.
1084 1532 1163 1592 Sanc
1179 1548 1267 1622 reges
1284 1532 1363 1591 anti·

181 1636 240 1715 qui,
257 1621 325 1696 cum
338 1635 424 1698 variis
440 1632 651 1696 extollerentur
662 1637 823 1715 preconiis,
838 1633 924 1696 idvel
936 1638 1062 1697 maxime
1077 1637 1107 1697 in
1119 1639 1195 1700 votis
1210 1635 1362 1698 habebant

179 1745 212 1799 nt
228 1736 264 1798 ad
279 1738 461 1818 posteritatis
478 1737 619 1798 noticiam
635 1734 818 1802 devenirent.
850 1738 989 1800 Ceterum
1007 1757 1075 1801 cum
1090 1743 1238 1802 innumeri
1253 1759 1360 1803 rerum

179 1847 330 1918 gestarum
352 1841 513 1920 scriptores
537 1841 702 1912 extiterint,
724 1842 843 1920 plurimi
865 1842 946 1922 quod
969 1842 1139 1917 audierant,
1163 1847 1250 1924 pauci
1273 1844 1359 1926 quod

178 1942 325 2016 videraut,
348 1946 541 2024 scripserunt.
585 1943 674 2018 Quod
698 1947 723 2006 si
745 1945 841 2026 Frigio
857 1947 956 2008 llnreti
978 1947 1016 2008 de
1039 1947 1249 2029 Pergamorum
1272 1969 1358 2013 erer-

179 2049 265 2109 sione
292 2046 361 2108 ideo
391 2049 496 2127 pocius
519 2046 665 2120 creditur,
698 2049 768 2130 qnia
791 2049 872 2130 quod
904 2050 950 2111 alii
972 2051 1102 2114 retulere
1125 2051 1273 2126 auditum,
1304 2054 1355 2116 ille

179 2170 304 2233 presens
321 2153 494 2232 conspexit;
517 2153 603 2214 nobis
619 2154 708 2214 etiam
725 2172 786 2215 non
800 2154 921 2234 indigne
936 2153 1011 2217 fides
1030 2155 1164 2229 debetur,
1187 2159 1256 2237 quia
1272 2157 1355 2238 quod

179 2240 305 2316 vidimus
327 2261 487 2324 testamur,
511 2263 541 2316 et
560 2275 609 2318 res
631 2262 731 2335 gestas
754 2256 850 2319 adbuc
874 2259 991 2320 calente
1014 2263 1158 2322 memoria
1181 2260 1248 2323 stilo
1273 2261 1354 2322 durl-

177 2377 245 2420 mus
268 2346 475 2440 designandas.
506 2359 545 2421 At
567 2361 591 2421 si
615 2361 771 2422 cultiorem
796 2360 915 2422 dicendi
931 2363 1058 2424 iormam
1073 2363 1228 2428 delitiosus
1247 2386 1353 2448 expos-

179 2463 218 2524 cit
240 2461 372 2536 auditor,
395 2464 510 2526 noverit
531 2465 561 2522 in
578 2466 682 2525 castris
697 2483 754 2525 nos
769 2464 862 2526 fuisse
880 2484 948 2527 cum
966 2469 1156 2548 scripsimus,
1180 2477 1209 2532 et
1230 2470 1351 2534 bellicos

179 2568 319 2648 strepitus
335 2567 491 2648 tranquille
508 2563 706 2630 meditationis
722 2569 821 2630 ocium
840 2588 901 2632 non
917 2568 1081 2633 admisisse.
1127 2571 1193 2652 ipsa
1209 2575 1262 2635 sibi
1275 2576 1350 2640 reri-

178 2678 223 2731 tas
246 2669 283 2732 ad
305 2673 426 2750 gratiam
442 2670 563 2742 srribcit;
588 2676 618 2731 et
632 2671 701 2733 licet
723 2691 864 2752 ponposo
881 2692 942 2734 non
959 2675 1086 2755 expolita
1101 2684 1224 2750 ornatu,
1247 2695 1348 2758 quern-

178 2791 308 2856 cumque
332 2765 438 2837 saltem
461 2775 570 2836 secreti
592 2776 637 2835 sui
660 2775 768 2836 alliciet
790 2776 966 2844 auditorem,

264 2879 352 2940 Anno
385 2879 595 2940 incarnationis
634 2876 782 2940 dominice
816 2879 1039 2945 mcnxxxvii.
1074 2884 1238 2964 apostolice
1269 2883 1347 2946 sedis

178 2983 295 3062 apicem
325 2983 478 3044 obtinente
501 2981 621 3043 Urbano
652 2984 756 3054 tertio,
788 2983 953 3063 imperante
975 2989 1007 3046 in
1037 2986 1213 3049 allemannia
1242 2985 1347 3050 Frede-

177 3086 258 3157 rico,
298 3086 376 3166 apud
406 3085 695 3164 Constantinopolim
724 3084 905 3159 Ysaaiio,¹
943 3086 1111 3171 Philippo²
1148 3098 1290 3170 regnante
1318 3095 1345 3153 in

176 3189 316 3263 Francia,
342 3187 478 3252 ,lieuricu
503 3186 517 3226 θ
546 3191 577 3251 in
605 3188 726 3269 Augila,
766 3193 795 3252 in
825 3192 924 3254 Sicilia
956 3191 1162 3268 Willelmo,⁴
1198 3205 1345 3276 aggravata

178 3299 224 3353 est
246 3311 351 3355 manus
374 3294 492 3354 Domini
521 3312 613 3374 super
642 3295 786 3374 populum
817 3314 913 3357 suum.
959 3298 990 3358 Si
1013 3305 1111 3360 tamen
1141 3308 1223 3362 reete
1241 3299 1344 3363 ‘direci-

176 3415 243 3460 mus
267 3417 389 3470 suum,
414 3417 503 3479 quem
521 3401 755 3460 conversationis
770 3399 981 3474 immundicia,
1003 3403 1061 3463 vite
1077 3402 1245 3483 turpitudo,
1268 3407 1342 3467 vitio-

176 3519 243 3563 rum
272 3500 398 3572 ieditas,
427 3501 562 3564 fecerant
588 3503 729 3564 alienum.
773 3503 838 3566 Jam
869 3507 948 3566 enim
983 3522 1021 3567 eo
1047 3524 1143 3586 usque
1173 3505 1341 3585 flagitiorum
1426 3565 1427 3572 ,

176 3607 365 3668 cousuetudo
381 3614 566 3687 proruperat,
582 3615 614 3671 ut
631 3626 749 3681 omnes,
768 3609 883 3687 abjecto
904 3613 1340 3677 eru·tr01.s.s.)beseentevelo
1426 3611 1427 3682 ζ

175 3709 273 3791 palam
290 3716 319 3771 et
334 3711 445 3790 passim
461 3710 497 3772 ad
512 3713 609 3792 turpia
624 3710 818 3774 declinarent.
842 3712 950 3788 Codes,
967 3716 1093 3795 rapinas,
1109 3713 1270 3788 adulteria,
1284 3716 1341 3776 lon·
1426 3727 1427 3806 t

175 3829 245 3892 gum
262 3821 343 3876 esset
359 3815 516 3888 evolvere,
539 3833 573 3878 ac
591 3818 746 3897 proposito
766 3824 869 3880 nostro
884 3821 1079 3892 contrarium,
1092 3821 1170 3900 ¹quia
1186 3837 1235 3882 res
1251 3827 1339 3898 gestas
1426 3813 1427 3884 ἶ

175 3915 304 3979 delibare
328 3916 534 3991 decrevimus,
563 3937 624 3981 non
647 3917 777 3984 iormare
799 3917 963 3985 tractatum.
990 3921 1068 3984 ·Scd
1093 3942 1161 3985 eum
1183 3923 1277 3986 bostis
1296 3924 1338 3985 ille

247 4162 256 4196 ¹
273 4163 335 4218 cor.
346 4167 423 4220 babet
435 4185 450 4234 p
461 4177 636 4238 erpetuccr.
648 4199 683 4211 -·
718 4173 827 4243 tineae,
846 4180 1010 4242 comanente
1022 4177 1153 4242 Angelus,
1174 4176 1216 4244 qui
1227 4178 1336 4256 secundis

173 4251 265 4318 uqtiis
278 4253 458 4322 Morgcrltcm,
475 4257 567 4325 Belca,
586 4259 763 4326 Bructerum
775 4263 859 4328 regis,
877 4263 970 4329 dilen,
989 4266 1100 4315 duxerat.
1120 4291 1152 4300 -
1189 4261 1335 4330 ⁸Plrilippus

172 4339 314 4404 Διςιοίαε.
325 4365 356 4378 -
379 4341 526 4401 ‘ilenrioue
538 4346 609 4398 ll.-
639 4344 811 4402 *armoinus
824 4349 869 4416 11,
886 4351 1033 4416 eonomine
1044 4350 1140 4416 bonas,
1163 4339 1335 4403 aleo-1189.
